2986 4726
760 298 976 382 ,γης

291 537 294 546 ’
353 547 413 617 IV.
440 547 491 614 Do
514 547 687 613 Phidolao
710 548 855 629 eiusque
878 524 1082 617 liberorum
1099 551 1377 633 epigrammatis,
1429 551 1430 554 ’

324 747 345 810 Ι.
436 732 538 820 Οὗτος
563 735 703 808 Φειδόλα
726 743 833 820 ἵππός
857 739 918 806 ἀπ’
943 738 1122 829 είρυχόροιο
1147 743 1311 827 Κορίνθου

488 843 636 934 άγκειται
660 847 804 936 Κρονίδᾳ
820 853 937 931 ’μνάμα
962 852 1072 914 ποδῶν
1096 845 1221 933 ἀρετᾶς.
1326 847 1329 852 ’

396 1014 508 1077 Anah.
535 1013 610 1076 Pal.
637 1013 681 1075 VI
717 1015 788 1077 135.
839 1013 904 1074 Τοῦ
934 1006 1032 1074 αὐτοῦ
1063 1016 1097 1094 (i.
1123 1039 1148 1079 ε.
1184 1006 1425 1094 Ἀνακρέοντος)

308 1112 466 1205 ἀνάθημα
496 1119 542 1204 τῷ
566 1116 628 1208 Διῖ
655 1106 744 1199 παρά
776 1111 926 1182 Φειδόλα.
974 1121 1014 1183 of.
1048 1121 1152 1184 Paus.
1178 1126 1208 1185 o.
1239 1125 1285 1185 13.
1312 1126 1341 1185 9.
1385 1114 1428 1182 ‘H

307 1226 343 1289 δὲ
365 1226 473 1301 ἵππος
504 1219 522 1310 η
547 1226 604 1287 τοῦ
629 1221 808 1305 Κορινθίου
834 1218 982 1297 Φειδώλα
1006 1217 1107 1306 όνομα
1131 1225 1203 1306 μέν,
1238 1221 1281 1303 ώς
1305 1223 1333 1289 oi
1360 1231 1426 1288 Κο-

307 1331 428 1416 ρίνθιοι
452 1325 712 1418 μνημονεύουσιν,
738 1328 800 1412 ἔχει
818 1324 924 1413 Αίρα,
950 1328 1005 1393 τόν
1029 1331 1066 1395 δέ
1085 1327 1249 1417 ἀναβάτην
1269 1328 1315 1396 έτι
1334 1327 1427 1412 ἀρχο-

305 1438 402 1519 μένου
426 1440 483 1501 τοῦ
508 1430 627 1521 δρόμου
652 1437 824 1503 συνέπεσεν
849 1431 1028 1518 ἀποβαλεῖν
1051 1431 1168 1524 αότην,
1201 1437 1256 1501 καὶ
1281 1433 1372 1503 οὐδέν
1397 1464 1426 1502 τι

307 1533 405 1633 ἧσσον
431 1546 555 1608 θέουσα
581 1542 612 1606 έν
637 1538 749 1627 κόομφ
775 1542 850 1626 περί
873 1568 907 1609 τε
931 1539 988 1632 την
1010 1538 1128 1607 νόσσαν
1153 1541 1346 1630 ἐπέστρεφε,
1373 1545 1427 1608 καί

307 1649 380 1715 ἐπεὶ
404 1653 464 1736 τῆς
488 1648 666 1734 σάλπιγγος
690 1642 824 1739 ἤκουσεν
841 1643 1035 1730 ἐπετάχυνεν
1054 1647 1087 1725 ἐς
1104 1650 1203 1713 πλέον
1227 1647 1282 1712 τόν
1299 1644 1426 1732 δρόμον,

308 1749 431 1842 φθάνει
456 1756 492 1820 δὲ
516 1755 573 1820 ἐπὶ
597 1752 670 1833 τούς
692 1753 898 1832 ἑλλανοδίκας
917 1751 1098 1840 ἀφικομένη
1123 1756 1178 1820 καί
1203 1759 1323 1820 νικῶσα
1347 1753 1428 1838 έγυω

308 1863 363 1927 καί
395 1858 535 1928 παίεται
569 1865 625 1926 τοῦ
659 1855 789 1943 δρόμου.
836 1856 955 1927 Ἠλεῖοι
988 1862 1024 1924 δὲ
1055 1856 1271 1947 ἀνηγόρευσαν
1294 1845 1360 1924 ’ἐπὶ
1389 1864 1427 1947 τῇ

307 1967 378 2057 νίκη
395 1967 451 2033 τόν
470 1963 636 2035 Φειδώλαν
653 1969 707 2033 καί
724 1964 898 2033 ἀναθεῖναί
914 1964 942 2031 ολ
960 1965 1017 2056 την
1028 1969 1135 2030 ἵππον
1151 1963 1270 2054 ταύτην
1287 1967 1428 2052 έφιιῖσινζ

396 2118 422 2153 v.
435 2101 459 2153 1.
478 2098 556 2166 Αὔρα
573 2097 686 2149 Φειδόλα
706 2097 857 2165 Junghahn
878 2098 911 2150 de
933 2097 999 2150 Sim.
1017 2095 1064 2148 Cei
1083 2096 1171 2163 epigr.
1192 2114 1218 2162 p.
1232 2098 1271 2147 13.
1293 2113 1316 2147 v.
1337 2095 1410 2146 inira

307 2207 334 2242 v.
354 2190 380 2241 2.
402 2187 496 2255 ἀρετάς
517 2188 574 2240 cod.

654 2336 660 2359 ί
743 2334 752 2359 )

310 2346 349 2411 [Ι.
373 2338 573 2429 Ὠκυδρόμας
604 2348 719 2419 Λυκος

438 2443 579 2514 Φειδόλα
603 2446 731 2512 παίδων
754 2451 783 2511 τ’
808 2442 1014 2534 ἐστεφάνωσε
1038 2442 1165 2528 δόμους.

753 2335 868 2421 ’[σθμι’
900 2337 1007 2417 ἅπαξ,
1043 2334 1100 2405 δόο
1125 2342 1152 2404 δ’
1179 2335 1302 2404 ένθάδε
1327 2335 1429 2460 ηίκαις

400 2613 503 2675 Pauo.
529 2616 558 2676 6.
587 2614 636 2674 13.
666 2614 714 2674 10.
762 2602 920 2692 Ἐγένοντο
953 2607 988 2672 δὲ
1020 2606 1075 2671 καί
1106 2608 1163 2670 τοῦ
1188 2598 1337 2675 Φειδώλα
1361 2608 1429 2679 τοῖς

309 2715 424 2780 παισίν
456 2714 513 2780 ε’πὶ
545 2715 652 2802 κέλητι
685 2715 783 2799 ἵππω
807 2719 912 2791 νῖκαι,
939 2712 994 2777 καὶ
1018 2709 1035 2778 ό
1058 2737 1093 2778 τε
1115 2712 1223 2788 ἵππος
1248 2709 1305 2775 ini
1328 2704 1429 2797 στήλη

310 2820 530 2908 πεποιημένος
561 2818 616 2885 καὶ
648 2814 838 2904 ἐπίγραμμά
863 2818 950 2884 ἐστιν
980 2817 1033 2882 ἐπ’
1059 2813 1162 2905 αὐτῷ·
1187 2812 1429 2899 Ὠκυδρόμας-

310 2919 437 3005 δόμονς.
478 2920 515 2990 οδ
538 2922 600 3011 μην
624 2928 669 3011 τη]
694 2950 729 3010 γε
753 2919 976 3011 ἐπιγράμματι
1000 2924 1054 2988 καί
1078 2922 1118 2989 τά
1143 2919 1275 2990 Ἠλείων
1299 2923 1332 3000 ές
1355 2923 1430 2998 τοιῗς

309 3026 542 3114 όλυμπιονίκας
566 3027 715 3115 ὁμολογεῖ
737 3026 927 3116 γράμματα·
967 3025 1065 3120 ὀγδόη
1089 3028 1148 3116 γάρ
1172 3025 1349 3112 ὀλυμπιάδι
1375 3029 1428 3093 καὶ

309 3136 464 3226 ἑξηκοστῇ
495 3136 549 3202 καί
578 3133 614 3201 οὐ
647 3138 731 3220 πέρα
760 3133 879 3224 ταύτης
903 3137 991 3202 ἐστὶν
1025 3137 1058 3201 έν
1081 3145 1150 3215 τοῖς
1172 3134 1306 3203 Ἠλείων
1330 3131 1428 3220 γράμ-

310 3268 408 3326 μασιν
432 3240 451 3332 ἡ
476 3242 547 3332 νίκη
570 3247 635 3307 τῶν
660 3237 808 3309 Φειδώλα
834 3243 972 3311 παίδων.

399 3392 425 3427 v.
445 3376 467 3427 1.
493 3373 665 3440 ὠκυδρόμοις
686 3373 869 3427 Camerarius,
907 3374 1034 3427 Fortasse
1055 3373 1119 3439 equi
1139 3371 1308 3424 Corinthiaci
1328 3387 1428 3423 nomen

310 3465 338 3516 in
353 3467 444 3517 testae
457 3462 638 3530 inscriptione
653 3461 724 3515 [GA
738 3465 779 3524 20,
791 3466 825 3516 50
848 3460 1035 3527 Ταχυδρό[μας
1056 3478 1111 3514 non
1131 3458 1317 3525 Ταχυδρό[γιος
1338 3460 1429 3526 legen·

310 3555 376 3606 dum
396 3557 446 3607 esi.
469 3549 471 3618 λ
488 3552 597 3618 Ἴσθμια
617 3551 670 3612 πύξ
690 3551 867 3620 PoMAng.
890 3549 893 3618 Ι
916 3551 1039 3605 Liberior
1055 3555 1098 3603 esi
1117 3550 1262 3603 verborum
1277 3552 1429 3601 structura:

311 3643 345 3695 ad
360 3643 459 3707 Ἴσθμι’
480 3643 551 3701 ἅπαξ
569 3641 643 3696 enim
663 3640 885 3694 subaudiendum
904 3645 947 3695 esi
967 3646 1058 3701 νικῶν,
1078 3640 1131 3692 nisi
1152 3639 1233 3691 malis
1252 3638 1371 3692 seribere
1391 3637 1430 3693 δίς

311 3733 334 3781 δ’
355 3729 453 3781 ἐνθάδε
472 3736 556 3781 νικῶν
584 3731 586 3733 ’
620 3747 647 3782 v.
667 3731 694 3782 2.
730 3729 852 3780 Φειδώλα
872 3729 965 3790 codd.;
986 3730 1032 3782 ned
1053 3746 1152 3782 nomen
1175 3727 1303 3783 Φειδόλας
1328 3727 1429 3791 ίφειδο-

310 3856 485 3922 ἐπεγέγραπτο
506 3854 534 3906 δὲ
554 3862 590 3919 τῷ
611 3855 676 3919 ἱερῷ
697 3852 809 3919 τούτῳ)

518 3944 617 4009 Ὄγκας
638 3943 699 4008 νηός
719 3944 759 3993 ὅδ’
779 3942 847 3994 ἐστὶν
863 3941 984 4008 Ἀθήνης,
1004 3943 1034 3991 ὅν
1052 3960 1115 3991 ποτε
1135 3939 1244 4004 Κάδμος

459 4069 463 4075 »
524 4033 620 4084 εἵσατο·
642 4032 710 4098 βοῦν
730 4033 753 4084 δ’
774 4032 890 4098 ἱέρευσεν
909 4032 946 4082 ὅτ’
966 4031 1068 4082 ἔκτισεν
1087 4030 1151 4082 ἄστυ
1171 4029 1200 4081 τὸ
1222 4029 1322 4098 Θήβης.
