2986 4726
648 1170 840 1264 VITA.

274 1384 374 1448 Natus
402 1407 470 1447 suin
503 1384 685 1448 Theodorus
714 1382 830 1466 Preger
859 1379 1018 1446 Monaohii
1049 1406 1076 1447 a.
1106 1384 1134 1447 d.
1160 1383 1205 1448 IX
1229 1385 1301 1450 Kal.

183 1507 251 1571 lun.
278 1509 351 1571 anni
377 1508 468 1570 huius
484 1506 597 1571 saeculi
614 1507 798 1589 sexagesimi
814 1506 892 1569 sexti
914 1510 1003 1589 patre
1020 1506 1177 1571 Guilelmo
1201 1512 1301 1573 matre

184 1633 341 1696 Guilelma
365 1656 381 1696 e
405 1637 498 1714 gente
518 1632 635 1715 Meyer.
683 1630 836 1705 Puerulus
859 1652 930 1693 oum
953 1653 1009 1712 per
1032 1635 1094 1694 tres
1118 1654 1215 1696 annos
1240 1633 1302 1697 ele-

140 1798 142 1802 ·
184 1761 289 1821 menta
317 1757 508 1834 didicissem,
543 1757 614 1820 exin
643 1759 785 1838 receptus
809 1778 876 1818 sum
902 1756 932 1817 in
957 1757 1157 1840 gymnasium
1183 1757 1302 1822 Guilel-

184 1882 313 1956 minum‚
339 1882 392 1945 ubi
417 1886 506 1964 pater
522 1881 592 1944 fidei
610 1881 809 1964 evangelicae
824 1880 980 1944 docendae
1001 1903 1130 1946 munere
1146 1881 1300 1964 fungitur.

182 2006 329 2069 Praeerat
352 2010 426 2070 tuno
451 2006 615 2089 gymnasio
643 2006 690 2067 vir
714 2010 745 2068 et
768 2005 866 2068 literis
891 2010 921 2068 et
945 2011 1010 2069 arte
1035 2006 1186 2070 educandi
1211 2028 1301 2088 prae-

183 2131 390 2193 stantissimus
417 2130 631 2214 Wolfgangus
655 2130 792 2208 Bauer,
822 2130 871 2194 cui
900 2135 1100 2212 praematura
1124 2134 1223 2194 morte
1248 2130 1301 2194 de·

183 2254 293 2317 functo
316 2255 463 2317 successit
486 2259 669 2335 praeceptor
693 2253 949 2338 diligentissimus
973 2252 1169 2317 Christianus
1185 2253 1301 2316 Adam

184 2401 284 2461 neque
308 2379 333 2441 is
357 2379 553 2462 prosperiora
577 2379 643 2442 fata
667 2383 786 2442 nactus.
824 2378 926 2440 Huius
942 2378 1087 2461 auspiciis
1112 2377 1301 2440 maturitatis

183 2504 326 2569 examine
355 2509 501 2586 superato
525 2503 654 2569 Octobri
685 2505 758 2567 anni
793 2504 823 2567 h.
855 2527 878 2567 e.
908 2504 1089 2587 octogesimi
1118 2503 1203 2566 tertii
1231 2501 1301 2565 uni-

184 2628 322 2691 versitati
348 2627 510 2690 literarum
527 2628 708 2692 Monacensi
733 2628 808 2691 civis
832 2628 1005 2710 adscriptus
1026 2650 1103 2692 sum.
1129 2664 1172 2672 -
1197 2628 1301 2692 Docu-

186 2754 278 2811 erunt
307 2772 356 2812 me
388 2751 446 2812 viri
478 2751 680 2814 illustrissimi
708 2752 862 2816 Henricns
894 2754 930 2816 de
963 2752 1095 2829 BRUNN,
1128 2752 1302 2817 Guilelmus

183 2874 220 2936 de
237 2872 365 2949 Onnrsr,
393 2874 575 2956 Rudolphus
592 2874 745 2953 Senones,
764 2876 928 2940 Eduardus
947 2877 1150 2955 Wonnrrnm,
1168 2899 1300 2962 quorum

183 2998 372 3079 disciplinae,
394 2999 417 3060 si
439 2999 514 3082 quid
535 3000 651 3082 profeci
671 3001 703 3064 in
720 3001 827 3080 literis,
851 3002 910 3066 hoc
930 3025 979 3067 rne
997 3003 1132 3066 maxima
1150 3025 1187 3066 ex
1209 3008 1297 3086 parte

182 3123 293 3186 debere
326 3124 461 3205 ingenue
490 3124 601 3188 fateor.
661 3125 717 3190 His
755 3127 853 3209 igitur
888 3151 981 3210 quam
1005 3150 1150 3208 summas
1181 3129 1299 3212 gratias

184 3269 253 3329 ago,
287 3247 429 3328 inprimis
455 3247 622 3331 Rudolpho
644 3249 784 3327 Sehoell,
815 3253 902 3314 euius
926 3252 1088 3315 consilium
1115 3252 1191 3315 mihi
1216 3253 1300 3315 huno

183 3371 323 3434 libellum
349 3371 498 3435 scribenti
522 3395 684 3455 nunquam
708 3375 817 3438 defuit.
