2986 4726
680 303 900 368 ,48ἢ

231 479 401 548 1111111ἕξει,
421 480 518 550 scripsi
540 480 634 532 τελέσει
655 499 726 549 quae
745 483 833 536 futuri
852 485 941 537 forma
960 488 1053 539 exstat
1072 484 1100 537 in
1120 465 1231 540 oraculo
1252 486 1350 542 Kaibel

231 569 277 622 EG
294 572 368 632 1038,
383 573 424 623 28.
456 569 559 624 Eadem
576 571 747 638 pentametri
767 572 893 626 clausula
912 575 1032 628 occurrit
1053 575 1081 626 in
1098 575 1182 628 Anth.
1197 575 1261 628 XVI
1275 573 1351 646 (app.

230 658 320 718 Plan.)
340 662 399 720 334,
420 663 436 711 4
455 659 557 719 ἔδειξας
572 700 577 710 ,
594 700 599 710 ,
616 701 620 710 .
637 662 708 719 ζωᾶς
728 659 806 726 οἶμον
826 661 1017 728 ἐλαφροτάταν,

322 785 371 847 13.
397 779 587 866 ἐπίγραμμα
611 779 657 859 εἰς
680 779 738 847 τὸν
759 778 913 848 Ἡσιόδου
937 778 1050 872 τάφον.
1088 789 1141 851 ΑΡ
1167 788 1227 852 VII
1254 791 1305 854 52.

321 909 370 972 14.
397 903 501 990 εἀίγρ.
528 903 573 984 εἰς
597 905 652 970 adv
676 905 782 973 Λίνου
807 902 921 996 τάφον.
971 912 1025 974 ΑΡ
1054 909 1112 974 VH
1138 913 1211 975 olo.

322 1035 370 1095 15.
398 1028 502 1114 ἒπίγρ.
527 1029 573 1108 εἰς
595 1029 651 1096 τὸν
673 1027 813 1121 Ὀρφέως
837 1028 952 1121 τάφον.
1002 1037 1057 1100 ΑΡ
1082 1036 1145 1101 VII
1170 1039 1244 1103 617.

322 1160 371 1221 lo.
397 1154 502 1239 ἐπίγρ.
528 1154 574 1234 εἰς
598 1154 653 1221 τὸν
680 1157 851 1224 Μουσαίου
876 1151 991 1245 τάφον.
1041 1162 1095 1225 ΑΡ
1121 1161 1183 1226 Vll
1209 1166 1283 1225 615.

323 1286 372 1349 17.
397 1277 503 1365 ἐπίγρ.
529 1279 574 1359 εἰς
593 1277 775 1348 'Orrrrravod
799 1278 913 1371 τάφον.
939 1311 975 1351 ex
1000 1287 1135 1370 Oppiani
1162 1289 1226 1351 vita
1253 1288 1349 1352 Anth.

231 1416 301 1476 app.
328 1394 402 1457 271.

322 1520 371 1581 18.
397 1511 502 1599 e'rrr'yp.
529 1505 547 1579 3
570 1509 643 1580 eine
669 1517 870 1596 Πτολεμαῖος
894 1512 977 1600 πρὸς
1001 1510 1129 1580 ἑαυτόν·

231 1632 394 1722 Οιῗρανίων
424 1631 550 1722 ἄστρων
584 1637 715 1726 παρείην
748 1644 819 1722 (scr.
848 1638 978 1727 nopr'pv)
1009 1639 1064 1704 καὶ
1093 1634 1193 1704 κύκλα
1222 1633 1353 1729 σελήνης

298 1744 455 1833 ἒξεθέμην
480 1745 642 1812 dediderint
667 1741 856 1832 πολύφρονα
881 1741 1024 1810 δάκτολα
1047 1739 1218 1828 κάμπτων.

320 1873 431 1936 Exstat
456 1876 549 1938 etiam
573 1877 604 1938 in
631 1876 692 1938 alio
716 1876 783 1938 cod.
804 1875 1018 1938 Laurentiano
1042 1874 1178 1938 Bandini
1195 1873 1226 1936 11
1251 1898 1280 1958 p.
1299 1877 1352 1940 69.

230 1980 307 2063 Egit
338 1982 374 2043 de
407 1981 465 2045 hoc
496 1986 527 2044 et
558 1983 595 2044 de
628 1984 836 2064 subsequente
864 1982 1093 2064 epigrammate
1119 1980 1292 2045 Buttmann
1320 1982 1352 2044 in

235 2086 396 2163 „Museuru
411 2088 475 2151 der
500 2087 909 2152 Altertunrswisserrschaf“
940 2087 970 2152 II
995 2090 1069 2152 469.

322 2215 370 2278 19.
396 2208 503 2292 ἕτερον
527 2199 545 2273 t
568 2203 642 2276 cirre
659 2211 863 2291 Πτολεμαῖος
885 2206 967 2293 πρὸς
983 2203 1106 2276 ἑαυτόν.
1143 2211 1197 2274 ΑΡ
1215 2211 1260 2274 IX
1278 2214 1353 2277 577.

318 2338 442 2420 Septem
475 2360 555 2421 quae
584 2360 695 2421 agmen
722 2339 872 2403 claudunt
895 2339 1124 2421 epigrammata
1148 2340 1204 2402 etsi
1229 2339 1351 2420 capita-

157 2444 183 2467 ·
229 2445 310 2508 libus
335 2444 432 2508 literis
456 2450 583 2507 exarata
600 2451 705 2509 tamen
727 2447 866 2527 (praeter
889 2469 920 2508 n.
938 2447 990 2525 17)
1014 2468 1116 2528 neque
1131 2445 1350 2528 inscriptiones

228 2557 301 2614 suut
327 2574 435 2634 neque,
461 2574 530 2613 curu
557 2551 623 2614 loca
647 2551 699 2613 ubi
725 2552 853 2614 iuventa
876 2551 994 2614 fuerint
1018 2551 1173 2633 adscripta
1196 2552 1349 2628 1101111111,

231 2663 265 2719 nt
280 2657 498 2738 inscriptiones
515 2658 726 2739 proferuntru·.
764 2657 866 2732 Quare
891 2678 949 2738 ego
974 2681 990 2719 e
1010 2657 1144 2741 Kyriaco
1169 2681 1204 2721 ea
1225 2663 1350 2740 sunrpta

230 2787 293 2827 esse
316 2765 535 2828 dubitaverim.

775 2901 804 2962 2.

319 3042 368 3105 Ne
399 3047 523 3106 nostrae
556 3043 681 3125 quidem
714 3043 808 3105 aetati
833 3041 985 3124 Kyriacos
1018 3042 1121 3104 deesse
1150 3065 1250 3124 nuper
1274 3043 1348 3119 vidi,

230 3172 300 3212 cunr
320 3149 411 3212 Asiae
436 3151 564 3212 minoris
588 3150 827 3231 inscriptionum
851 3170 927 3230 quas
950 3148 1083 3211 Sternett
1107 3149 1203 3211 edidit
1226 3153 1346 3231 partein

230 3257 365 3337 priorem
397 3256 462 3336 (An
494 3256 708 3338 epigraphical
737 3258 872 3339 journey
904 3256 936 3317 in
968 3254 1043 3318 Asia
1071 3256 1181 3317 minor.
1230 3254 1348 3318 Boston

232 3362 330 3442 1888)
354 3362 451 3426 oculis
475 3385 697 3445 percurrerem.
744 3362 982 3443 inscriptionem
1005 3363 1089 3425 enim
1114 3363 1241 3439 11243,
1267 3383 1348 3445 quae

229 3492 303 3532 nuni
334 3469 471 3550 genuina
495 3475 574 3533 esset
606 3470 667 3533 iarn
694 3469 794 3533 editor
823 3469 909 3532 nullo
933 3468 986 3531 ille
1011 3469 1136 3551 quidem
1161 3473 1348 3551 argumento

230 3575 326 3638 allato
350 3577 558 3652 dubitaverat,
584 3599 620 3640 ex
644 3576 749 3640 codice
766 3577 902 3659 quodam
927 3574 1088 3638 afalsario
1111 3575 1346 3658 transscriptaur

230 3703 294 3745 esse
324 3682 417 3746 facile
449 3684 606 3765 apparuit.
661 3684 718 3747 Est
756 3688 859 3747 antem
899 3683 992 3746 haec:
1029 3705 1059 3745 n.
1094 3682 1168 3744 243.
1214 3680 1346 3758 „Konia

230 3787 344 3871 Copied
371 3790 410 3871 by
436 3790 490 3852 Dr.
517 3789 547 3854 S.
573 3788 614 3852 N.
638 3790 871 3853 Diamantides:
900 3781 945 3849 Τὸ
969 3779 1102 3868 αἴνιγμα
1125 3787 1222 3849 τοῦτο
1246 3780 1347 3849 αἰνίτ-

229 3916 320 3958 τεται
343 3886 423 3968 ἴσως
447 3893 502 3956 τόν
526 3886 622 3974 divexa
647 3903 700 3972 (π
727 3886 812 3973 drap)
843 3887 1029 3975 γράμματος
1054 3888 1244 3974 αἲροιχιιὲνοα
1267 3888 1306 3955 ad
1330 3915 1347 3956 o

229 3997 316 4081 μένει
341 3997 398 4062 καὶ
422 3997 542 4083 γίνεται
568 3992 631 4077 νύξ,
658 3997 711 4064 ὅτε
735 3993 845 4064 ddecus
871 3993 887 4061 d
911 3994 1008 4087 ἥλιος.
