2986 4726
635 343 853 404 *49*

107 546 112 560 ·
186 519 1274 598 ΑΥΧΕΝΟΕΕΚΔΟΛΙΧΟΥΓΗΘΕΝΑΕΙΡΟΜΕΝΗΟΦΑΙΡ

932 637 1207 710 Homerus?

184 751 1295 825 ΑΥΛΟΝΕΕΙΔΟΜΑΙΗΝΔΕΜΑΕΤΕΥΟΗΟΕΝΔΟΝΕΜω

607 892 611 897 ’
934 868 1213 938 ΝΛΑΓΟΝωΝ

184 981 1275 1056 ΜΗΤΡΟΟΦΕΡωΠΑΤΕΡΑΟΥΜΕΡΟΟΘΙΜΙΟΚΑΙΤΕΜΝ

933 1100 1168 1170 amaretne

186 1215 1265 1289 ΡΟΕΓΡΑΜΜΑΤΟΟΑΙΡΟΥΜΕΝΟΥΔΥΕΤΑΙΟΗΛΙΟΟ

183 1337 251 1402 The
273 1339 458 1422 inscription
483 1361 580 1403 seems
603 1345 636 1403 to
661 1340 699 1403 be
722 1340 913 1422 suspicions,
938 1339 999 1403 and
1023 1339 1073 1403 for
1096 1340 1167 1402 that
1191 1361 1301 1402 reason

184 1443 197 1507 I
222 1445 260 1508 do
284 1449 340 1509 not
363 1447 435 1529 give
459 1445 514 1511 the
537 1447 755 1510 minuscules.“
795 1445 882 1529 Quae
904 1450 978 1509 sunt
1001 1447 1112 1510 misere
1132 1447 1302 1530 compilata

183 1574 220 1614 ex
252 1552 372 1617 duobus
402 1552 616 1635 Anthologiae
648 1552 715 1616 Pal.
749 1554 984 1635 epigrammatis
1013 1550 1089 1616 XIV
1114 1555 1155 1616 58
1175 1558 1218 1617 ‘et
1250 1556 1302 1631 35,

184 1680 264 1739 quae
288 1659 345 1721 sub
369 1660 496 1722 nomine
516 1658 611 1723 Pselli
636 1681 734 1722 unum
758 1658 891 1722 alterum
917 1659 1073 1741 excipiens
1096 1659 1246 1744 leguntur
1268 1662 1303 1724 in

172 1745 288 1828 ’codice
318 1765 462 1830 Parisino
494 1766 557 1828 968
592 1763 652 1844 (ed.
686 1765 876 1829 Boissonade
907 1766 1023 1830 Anecd.
1058 1787 1105 1849 gr.
1134 1764 1183 1830 ΙΙΙ
1211 1767 1301 1846 431).

183 1871 276 1936 Hunc
300 1873 397 1955 igitur
420 1876 543 1936 secutus
568 1894 742 1955 apponam:

528 1989 561 2061 ε’.
588 1988 762 2079 Άγκινοίρα
786 1989 806 2082 ἢ
829 1985 966 2083 Μήκων.

291 2094 497 2188 [Ἑγκέφαλον
522 2102 628 2190 φορέω
652 2102 795 2188 κεφαλῆς
819 2096 915 2185 ἄτερ·
940 2097 1006 2181 είμί
1030 2099 1067 2163 δὲ
1090 2096 1206 2186 χλωρὴ]

344 2203 475 2288 αὐχένος
500 2205 535 2271 έκ
560 2208 686 2289 δολιχοῦ
712 2209 814 2294 γῆθεν
837 2202 1014 2293 ἀειρομένη.

292 2310 413 2402 σφαίρῃ
437 2315 466 2378 d'
491 2308 534 2391 οίς
559 2310 641 2396 ὑπὲρ
664 2308 760 2378 αὐλὸν
785 2311 947 2395 έείδομαι·
973 2308 1010 2400 ἢν
1034 2314 1070 2378 δὲ
1093 2304 1256 2400 ματείοῃς

343 2416 433 2484 ἔνδον
457 2419 542 2503 ἐμῶν
565 2415 708 2506 λαγόνων
731 2419 851 2509 μητρὸς
875 2421 963 2509 φέρω
987 2421 1125 2504 πατέρα.

531 2539 568 2626 ς’.
595 2538 676 2624 ίίννξ.

293 2647 490 2736 ,Ἀνθρώπου
514 2654 611 2737 μέρος
635 2651 717 2734 είμί·
743 2643 761 2719 ὃ
785 2653 839 2719 καί
863 2655 970 2735 τέμνει
993 2679 1033 2733 με
1057 2651 1203 2739 σίδηρος
1334 2659 1336 2662 ’

345 2753 533 2841 γράμματος
557 2757 726 2841 αἰρομένου
752 2755 860 2826 δύεται
885 2755 1000 2847 ἠέλιος.

273 2885 301 2934 ε’.
322 2902 349 2937 v.
368 2887 389 2939 1.
427 2904 460 2939 ex
480 2886 564 2939 Anth.
584 2887 749 2955 suppletus
775 2903 802 2938 v.
821 2886 848 2937 4.
864 2904 866 2906 ’
882 2883 970 2950 φέρω]
990 2887 1065 2938 recte
1084 2885 1138 2950 ἔχω
1160 2885 1274 2939 Anthol.
1300 2939 1301 2948 ρ

185 2973 216 3024 ε’.
237 2989 264 3026 v.
283 2975 304 3028 1.
341 2974 420 3039 μέλος
440 2976 525 3029 Anth.

185 3078 259 3141 [nde
283 3079 352 3144 luce
375 3080 488 3144 clarius
512 3081 649 3145 efficitur
674 3081 811 3144 hausisse
828 3080 989 3143 falsarium
1014 3101 1052 3143 ex
1069 3079 1201 3162 pessimo
1224 3101 1301 3161 quo·

185 3186 256 3248 dam
273 3187 377 3250 codice
401 3187 455 3269 qni
479 3192 514 3250 nt
538 3193 569 3250 et
592 3188 700 3251 ordine
717 3187 891 3250 carminum
917 3190 948 3249 et
964 3185 1148 3269 corruptelis
1172 3184 1302 3268 quibus-

185 3292 257 3356 dam
281 3292 424 3356 Parisino
448 3293 495 3357 illi
518 3293 684 3376 persimilis
708 3298 803 3371 esset,
829 3293 874 3356 ita
898 3314 937 3355 ne
960 3293 1156 3378 disiungeret,
1177 3292 1301 3375 quidem

185 3400 306 3463 diversa
330 3402 559 3484 epigrammata
584 3406 614 3464 et
638 3402 714 3465 alias
737 3403 864 3484 insuper
883 3402 1011 3464 mendas
1028 3400 1199 3464 exhiberet.
1236 3398 1302 3462 Ne·

186 3527 246 3586 que
263 3529 336 3569 vero
360 3508 391 3569 in
413 3507 462 3570 his
478 3507 550 3571 solis
569 3531 625 3590 pro
640 3509 842 3590 inscriptione
860 3508 1027 3571 vendendis
1044 3507 1301 3590 acquiescendum

186 3612 310 3693 putavit
332 3635 430 3676 novus
453 3616 511 3678 iste
527 3615 692 3698 Kyriacus,
716 3615 768 3678 sed
788 3606 951 3678 ex'eodem
969 3614 1074 3677 codice
1090 3613 1302 3694 transscripsit

186 3718 281 3782 etiarn
304 3741 408 3782 versus
438 3743 466 3782 n.
493 3723 556 3786 245
590 3745 666 3805 quos
689 3722 721 3786 in
746 3721 848 3804 lapide
872 3722 986 3784 iterum
1009 3721 1158 3803 inscripto
1181 3724 1302 3783 exstare

186 3825 353 3888 ementitus
377 3830 432 3889 est.
486 3827 615 3905 „Konia
656 3827 769 3910 Copied
794 3827 836 3911 by
861 3827 916 3890 Dr.
942 3826 972 3890 S,
999 3825 1039 3889 N.
1066 3826 1300 3891 Diamantides:

186 3922 255 3992 Ἐπί
280 3923 453 4012 γράμματα
476 3925 739 4014 ιιροννιοίρξαντα.
780 3929 824 3995 Tri
848 3926 982 4015 α’ίνιγμα
1005 3933 1101 3995 τοῦτο
1125 3927 1300 3996 αἰνίττεται

185 4029 266 4112 ἴσως
290 4031 345 4098 τὸν
370 4029 504 4112 καιινόν,
531 4033 682 4101 τίκτοντα
706 4031 829 4121 δοίκροα
853 4033 888 4100 da
912 4040 975 4101 τιῦν
1000 4032 1194 4124 ὀφθαλμῶν.

1126 4150 1142 4198 4
