2970 4734
632 357 848 418 -··1()-

182 532 391 614 repudiaverit
415 532 543 607 Kaibe13
568 535 620 597 sed
644 535 711 616 ipsa
735 535 962 617 epigrammata
986 536 1108 599 novicia
1132 541 1163 600 et
1194 559 1299 600 recens

181 639 254 701 ficta
278 661 341 702 esse
366 639 395 700 id
423 639 498 701 mihi
523 640 649 721 quidem
674 641 721 703 vir
752 642 947 704 doctissimus
979 643 1107 705 minime
1140 643 1299 723 probavit;

181 767 273 827 quem
298 750 407 809 eontra
430 746 568 828 genuina
592 769 665 823 esse,
690 770 761 810 oum
785 749 910 831 singula
934 750 1164 831 epigrammata
1187 750 1220 811 in
1237 749 1300 832 syl·

182 853 253 933 loge
277 852 429 929 tractabo,
456 854 667 917 demonstrare
692 853 839 917 conabor.
880 853 973 917 Nunc
989 855 1019 916 id
1037 856 1186 918 adnotare
1208 855 1301 918 lineat

181 958 381 1042 Junghahnii
405 961 595 1042 opinionem,
620 983 715 1043 quam
737 961 853 1042 recepit
870 961 992 1038 Kaibel
1018 983 1190 1043 pronomen
1208 947 1301 1036 οὗτος

182 1063 350 1128 Simonidis
375 1071 477 1130 aetate
501 1090 564 1130 non
589 1065 759 1141 δεικτικῶς
783 1069 924 1149 usurpari
958 1092 1088 1151 eamque
1112 1069 1151 1132 ob
1175 1091 1299 1132 oausam

181 1193 229 1252 ep.
255 1172 296 1234 98
322 1176 353 1234 et
381 1173 440 1234 194
465 1172 560 1256 (quaa
584 1175 609 1235 si
633 1197 712 1256 quae
736 1174 799 1238 alia
831 1175 986 1257 lapidibus
1018 1181 1109 1239 erant
1136 1176 1299 1258 inscripta)

182 1279 305 1342 novicia
321 1301 385 1343 esse
409 1281 525 1362 optime
546 1280 715 1343 refutatam
732 1302 796 1343 esse
820 1304 838 1342 a
855 1280 994 1363 Bergkio
1013 1280 1093 1345 PLG
1107 1279 1170 1343 Hp
1194 1305 1222 1363 p.
1237 1284 1300 1344 432

182 1386 272 1463 (adde
297 1383 388 1448 IGA
403 1385 522 1468 382).¹)
559 1389 663 1469 Atque
679 1409 773 1468 qnam
798 1387 930 1449 infirmis
946 1388 1067 1450 nitatur
1090 1387 1302 1451 fundamentis

182 1493 383 1575 Junghahnii
400 1494 516 1575 opinio,
540 1494 588 1556 vel
605 1493 677 1557 inde
701 1499 832 1575 apparet
855 1496 937 1577 quod
954 1494 1189 1576 Cypselidarum
1213 1517 1301 1559 arcae

181 1600 400 1681 inscriptiones
424 1606 635 1681 repugnantes
666 1601 784 1664 soilioet
810 1624 884 1665 suae
907 1601 1079 1665 sententiae
1108 1606 1177 1684 post
1200 1601 1301 1665 Simo-

183 1706 263 1769 nidis
288 1711 422 1770 aetatem
447 1707 587 1770 conditas
611 1730 675 1770 esse
699 1709 868 1771 contendit.

435 1953 484 2023 li.
512 1954 561 2018 De
585 1952 776 2020 Simonidis
800 1970 854 2035 op.
876 1954 936 2022 137
961 1953 1051 2034 ng.
1083 2054 1087 2067 4

289 2132 371 2194 A‘t'd'
397 2127 479 2212 διιδρ
499 2125 652 2196 Ἑλλάνων
676 2155 711 2196 τε
735 2129 791 2194 καί
814 2124 1008 2212 εὐθυμάχων
1032 2132 1192 2195 πολιατᾶν

342 2231 525 2316 (daurom)
550 2232 719 2318 είξσίμεναι
747 2235 887 2329 Κοττρίδι
913 2235 1081 2324 δαιμονίᾳ·

289 2338 326 2408 οδ
350 2340 411 2428 γάρ
434 2339 658 2431 τοξοφόροισιν
683 2338 826 2433 ἐμήσατο
851 2345 893 2408 δί’
925 2338 1098 2431 Ἀφροδίτα

343 2446 475 2539 Μήδοις
495 2443 648 2516 Ἑλλάνων
674 2446 850 2533 α’κρόιτσλιν
874 2443 1045 2532 προδόμεν,

338 2576 557 2659 Sequebantur
581 2578 709 2640 nomina
733 2577 898 2640 mulierum
922 2577 1142 2640 dedicantium.

273 2789 727 2866 Soh01.Pind.0l.13‚33.
776 2781 978 2867 Θεόπομπος
1002 2787 1037 2851 δέ
1062 2809 1140 2873 φησι
1166 2783 1221 2848 καί
1245 2780 1304 2860 nde

184 2899 336 2977 γυναῖκας
360 2890 466 2958 αὐτῶν
490 2888 651 2972 elianam
676 2897 714 2982 τῇ
732 2888 908 2982 Ἀφροδίτῃ
933 2890 1036 2977 ἔρωτα
1061 2891 1215 2975 ἐμπεσεῖν
1235 2898 1304 2968 τοῖς

184 2995 335 3083 ἀνδράσιν
360 2996 465 3064 αὐτῶν
488 2996 656 3083 μάχεσθαι
680 2998 763 3083 dado
786 3004 843 3088 τῆς
863 2994 1052 3076 Ἑλλάδος..
1071 2993 1172 3065 ,εἶναι
1190 2998 1226 3063 δὲ
1250 2997 1304 3061 καί

184 3109 237 3170 νῦν
261 3101 540 3190 ἀναγεγραμμένον
569 3106 705 3191 ἐλεγεῖον
730 3101 859 3173 εἰσιόντι
886 3103 931 3183 είς
955 3101 1010 3169 τδν
1034 3102 1109 3169 ναδν
1133 3107 1191 3191 τῆς
1215 3100 1303 3185 σίρισ-

184 3215 278 3294 τερᾶς
301 3207 420 3295 χειρός·
448 3207 733 3296 αἵδ’-ιτροδόμεν
781 3217 877 3279 Plut.
903 3217 944 3279 de
969 3216 1053 3278 Her.
1079 3214 1159 3277 mal.
1185 3215 1226 3275 39
1255 3206 1303 3272 ὅτι

184 3315 280 3400 μόναι
304 3323 367 3383 τῶν
380 3316 564 3408 Ἑλληνίδων
588 3318 621 3385 ni
640 3319 815 3404 Κορίνθιαι
836 3312 971 3406 ηίίξαντσ
995 3315 1052 3405 τήν
1068 3316 1168 3404 καλήν
1184 3313 1304 3400 ἐκείνην

185 3425 240 3491 καί
264 3421 430 3508 δαιμόνιον
454 3422 546 3515 εὐχὴν
570 3423 673 3512 ἔρωτα
697 3433 765 3503 τοῖς
783 3420 917 3508 σίνδρσίσι
942 3427 999 3513 τῆς
1023 3421 1104 3506 ιτρδς
1128 3417 1203 3499 τούς
1227 3426 1304 3502 βαρ-

277 3644 301 3710 1)
321 3647 379 3698 Etsi
400 3650 493 3700 autem
520 3644 669 3698 Simonidis
690 3644 777 3697 aetati
797 3643 911 3696 minime
935 3642 1053 3695 alienum
1076 3645 1136 3694 erat
1155 3656 1305 3708 pronomen

186 3735 274 3798 οὗτος,
304 3740 400 3789 tamen
425 3735 579 3788 Simonides
607 3735 664 3804 ipsa
691 3752 722 3787 eo
748 3751 812 3786 usus
833 3750 887 3785 non
907 3750 965 3786 esse
985 3731 1103 3784 videtur.
1124 3757 1156 3764 -
1177 3729 1313 3783 Ceterum

186 3825 312 3893 inprimis
339 3826 367 3876 in
387 3824 571 3877 Corinthiacis
598 3824 689 3876 titulis
714 3824 780 3875 haer
809 3823 842 3875 de
862 3839 918 3889 qua
937 3821 994 3872 dixi
1014 3819 1185 3888 pronominis
1204 3819 1245 3871 vis
1265 3836 1306 3871 or-

186 3914 280 3967 rurrit.
320 3915 432 3967 Praeter
453 3914 539 3981 epigr.
563 3913 603 3964 Ps.
625 3913 690 3965 Sim.
711 3914 745 3964 98
765 3915 794 3964 et
815 3913 864 3962 134
884 3909 1063 3962 Corinthiam,
1082 3913 1174 3961 exstat
1194 3908 1222 3960 in
1242 3925 1305 3959 arca

187 4003 397 4071 Cypselidarum
413 4001 487 4066 (ter),
501 4002 530 4053 in
542 4001 676 4053 Phidolae
688 3998 823 4051 (lorinthii
838 3999 1040 4066 epigrammate
1053 4003 1088 4060 (v.
1100 3996 1304 4064 infraoap.lVl,

187 4093 215 4145 in
235 4092 349 4145 donario
371 4091 612 4158 Apolloniatarum
633 4088 758 4141 Corinthi
779 4088 936 4139 colonorum
957 4087 1049 4148 (Paos.
1070 4092 1092 4139 5.
1114 4091 1155 4138 22.
1176 4086 1210 4148 7).
