<?xml version="1.0" encoding="UTF-8"?>
<!DOCTYPE html PUBLIC "-//W3C//DTD XHTML 1.0 Transitional//EN"
    "http://www.w3.org/TR/xhtml1/DTD/xhtml1-transitional.dtd">
<html xmlns="http://www.w3.org/1999/xhtml" xml:lang="en" lang="en">
 <head>
  <title>
</title>
<meta http-equiv="Content-Type" content="text/html;charset=utf-8" />
  <meta name='ocr-system' content='tesseract 3.04.00' />
  <meta name='ocr-capabilities' content='ocr_page ocr_carea ocr_par ocr_line ocrx_word'/>
</head>
<body>
  <div class='ocr_page' id='page_1' title='image "./deepigrammatisg00ancogoog_0045.png"; bbox 0 0 2970 4734; ppageno 0'>
   <div class='ocr_carea' id='block_1_1' title="bbox 637 354 850 416">
    <p class='ocr_par' dir='ltr' id='par_1_1' title="bbox 637 354 850 416">
     <span class='ocr_line' id='line_1_1' title="bbox 637 354 850 416; baseline -0.009 -18"><span class='ocrx_word' id='word_1_1' title='bbox 637 354 850 416; x_wconf 64' lang='lat' dir='ltr'>..3ss-</span> 
     </span>
    </p>
   </div>
   <div class='ocr_carea' id='block_1_2' title="bbox 179 528 1304 2003">
    <p class='ocr_par' dir='ltr' id='par_1_2' title="bbox 179 528 1304 2003">
     <span class='ocr_line' id='line_1_2' title="bbox 181 528 1301 619; baseline -0.004 -22"><span class='ocrx_word' id='word_1_2' title='bbox 181 533 344 619; x_wconf 85' lang='lat' dir='ltr'>Phrygum</span> <span class='ocrx_word' id='word_1_3' title='bbox 376 533 458 616; x_wconf 83' lang='lat' dir='ltr'>regis</span> <span class='ocrx_word' id='word_1_4' title='bbox 491 531 687 614; x_wconf 82' lang='lat' dir='ltr'>epitaphium</span> <span class='ocrx_word' id='word_1_5' title='bbox 718 552 779 593; x_wconf 94' lang='lat' dir='ltr'>non</span> <span class='ocrx_word' id='word_1_6' title='bbox 805 530 907 611; x_wconf 90' lang='lat' dir='ltr'>potuit</span> <span class='ocrx_word' id='word_1_7' title='bbox 938 551 1000 592; x_wconf 92' lang='lat' dir='ltr'>nou</span> <span class='ocrx_word' id='word_1_8' title='bbox 1030 529 1165 612; x_wconf 72' lang='lat' dir='ltr'>phrygia</span> <span class='ocrx_word' id='word_1_9' title='bbox 1190 528 1301 612; x_wconf 81' lang='lat' dir='ltr'>lingua</span> 
     </span>
     <span class='ocr_line' id='line_1_3' title="bbox 180 635 1302 722; baseline -0.006 -18"><span class='ocrx_word' id='word_1_10' title='bbox 180 640 390 722; x_wconf 84' lang='lat' dir='ltr'>conscriptum</span> <span class='ocrx_word' id='word_1_11' title='bbox 423 660 487 701; x_wconf 88' lang='lat' dir='ltr'>esse</span> <span class='ocrx_word' id='word_1_12' title='bbox 519 659 620 719; x_wconf 87' lang='lat' dir='ltr'>neque</span> <span class='ocrx_word' id='word_1_13' title='bbox 651 657 757 718; x_wconf 84' lang='lat' dir='ltr'>regem</span> <span class='ocrx_word' id='word_1_14' title='bbox 790 636 889 698; x_wconf 89' lang='lat' dir='ltr'>iacere</span> <span class='ocrx_word' id='word_1_15' title='bbox 920 635 978 697; x_wconf 91' lang='lat' dir='ltr'>suh</span> <span class='ocrx_word' id='word_1_16' title='bbox 1011 635 1133 699; x_wconf 92' lang='lat' dir='ltr'>tumulo</span> <span class='ocrx_word' id='word_1_17' title='bbox 1161 637 1194 698; x_wconf 92' lang='lat' dir='ltr'>in</span> <span class='ocrx_word' id='word_1_18' title='bbox 1218 636 1302 718; x_wconf 83' lang='lat' dir='ltr'>regis</span> 
     </span>
     <span class='ocr_line' id='line_1_4' title="bbox 179 742 1302 828; baseline -0.005 -18"><span class='ocrx_word' id='word_1_19' title='bbox 179 748 272 812; x_wconf 90' lang='lat' dir='ltr'>titulo</span> <span class='ocrx_word' id='word_1_20' title='bbox 303 747 407 828; x_wconf 89' lang='lat' dir='ltr'>potuit</span> <span class='ocrx_word' id='word_1_21' title='bbox 439 744 552 808; x_wconf 89' lang='lat' dir='ltr'>omitti.</span> <span class='ocrx_word' id='word_1_22' title='bbox 599 743 672 806; x_wconf 91' lang='lat' dir='ltr'>Non</span> <span class='ocrx_word' id='word_1_23' title='bbox 706 742 878 805; x_wconf 89' lang='lat' dir='ltr'>audiendus</span> <span class='ocrx_word' id='word_1_24' title='bbox 910 743 1010 824; x_wconf 83' lang='lat' dir='ltr'>igitur</span> <span class='ocrx_word' id='word_1_25' title='bbox 1044 742 1092 804; x_wconf 88' lang='lat' dir='ltr'>Ps.</span> <span class='ocrx_word' id='word_1_26' title='bbox 1126 742 1302 805; x_wconf 91' lang='lat' dir='ltr'>Herodotus</span> 
     </span>
     <span class='ocr_line' id='line_1_5' title="bbox 180 849 1302 936; baseline -0.003 -20"><span class='ocrx_word' id='word_1_27' title='bbox 180 853 262 936; x_wconf 92' lang='lat' dir='ltr'>quod</span> <span class='ocrx_word' id='word_1_28' title='bbox 286 852 348 916; x_wconf 92' lang='lat' dir='ltr'>suis</span> <span class='ocrx_word' id='word_1_29' title='bbox 372 851 566 933; x_wconf 81' lang='lat' dir='ltr'>temporibus</span> <span class='ocrx_word' id='word_1_30' title='bbox 589 850 824 933; x_wconf 90' lang='lat' dir='ltr'>inscriptionem</span> <span class='ocrx_word' id='word_1_31' title='bbox 848 854 978 913; x_wconf 51' lang='lat' dir='ltr'>exstare¹</span> <span class='ocrx_word' id='word_1_32' title='bbox 993 850 1078 921; x_wconf 76' lang='lat' dir='ltr'>dicit,</span> <span class='ocrx_word' id='word_1_33' title='bbox 1104 872 1174 912; x_wconf 89' lang='lat' dir='ltr'>cum</span> <span class='ocrx_word' id='word_1_34' title='bbox 1198 850 1227 912; x_wconf 90' lang='lat' dir='ltr'>id</span> <span class='ocrx_word' id='word_1_35' title='bbox 1253 849 1302 913; x_wconf 86' lang='lat' dir='ltr'>t&#39;a·</span> 
     </span>
     <span class='ocr_line' id='line_1_6' title="bbox 180 957 1303 1040; baseline -0.003 -17"><span class='ocrx_word' id='word_1_36' title='bbox 180 959 237 1024; x_wconf 91' lang='lat' dir='ltr'>cile</span> <span class='ocrx_word' id='word_1_37' title='bbox 269 959 428 1023; x_wconf 85' lang='lat' dir='ltr'>effinxerit</span> <span class='ocrx_word' id='word_1_38' title='bbox 459 981 497 1022; x_wconf 84' lang='lat' dir='ltr'>ex</span> <span class='ocrx_word' id='word_1_39' title='bbox 527 959 667 1021; x_wconf 88' lang='lat' dir='ltr'>versibus</span> <span class='ocrx_word' id='word_1_40' title='bbox 698 957 752 1040; x_wconf 91' lang='lat' dir='ltr'>qui</span> <span class='ocrx_word' id='word_1_41' title='bbox 777 962 1017 1020; x_wconf 74' lang='lat' dir='ltr'><strong>monumentum</strong></span> <span class='ocrx_word' id='word_1_42' title='bbox 1040 979 1111 1020; x_wconf 86' lang='lat' dir='ltr'>aere</span> <span class='ocrx_word' id='word_1_43' title='bbox 1134 958 1303 1038; x_wconf 85' lang='lat' dir='ltr'>perennius</span> 
     </span>
     <span class='ocr_line' id='line_1_7' title="bbox 180 1064 1303 1149; baseline -0.004 -19"><span class='ocrx_word' id='word_1_44' title='bbox 180 1067 247 1131; x_wconf 84' lang='lat' dir='ltr'>fore</span> <span class='ocrx_word' id='word_1_45' title='bbox 271 1067 462 1149; x_wconf 89' lang='lat' dir='ltr'>praedicant.</span> <span class='ocrx_word' id='word_1_46' title='bbox 507 1064 607 1128; x_wconf 92' lang='lat' dir='ltr'>Immo</span> <span class='ocrx_word' id='word_1_47' title='bbox 631 1065 826 1147; x_wconf 83' lang='lat' dir='ltr'>epigramma</span> <span class='ocrx_word' id='word_1_48' title='bbox 849 1064 1026 1127; x_wconf 85' lang='lat' dir='ltr'>confectum</span> <span class='ocrx_word' id='word_1_49' title='bbox 1051 1086 1115 1128; x_wconf 90' lang='lat' dir='ltr'>esse</span> <span class='ocrx_word' id='word_1_50' title='bbox 1140 1065 1260 1127; x_wconf 89' lang='lat' dir='ltr'>conicio</span> <span class='ocrx_word' id='word_1_51' title='bbox 1284 1087 1303 1126; x_wconf 94' lang='lat' dir='ltr'>a</span> 
     </span>
     <span class='ocr_line' id='line_1_8' title="bbox 179 1171 1302 1257; baseline -0.003 -20"><span class='ocrx_word' id='word_1_52' title='bbox 179 1174 320 1257; x_wconf 76' lang='lat' dir='ltr'>sophista</span> <span class='ocrx_word' id='word_1_53' title='bbox 344 1173 478 1256; x_wconf 87' lang='lat' dir='ltr'>quodam</span> <span class='ocrx_word' id='word_1_54' title='bbox 503 1173 606 1254; x_wconf 89' lang='lat' dir='ltr'>quinti</span> <span class='ocrx_word' id='word_1_55' title='bbox 631 1171 746 1235; x_wconf 90' lang='lat' dir='ltr'>saeculi</span> <span class='ocrx_word' id='word_1_56' title='bbox 775 1173 828 1254; x_wconf 87' lang='lat' dir='ltr'>qui</span> <span class='ocrx_word' id='word_1_57' title='bbox 857 1195 926 1234; x_wconf 87' lang='lat' dir='ltr'>curn</span> <span class='ocrx_word' id='word_1_58' title='bbox 952 1172 1130 1254; x_wconf 84' lang='lat' dir='ltr'>exemplum</span> <span class='ocrx_word' id='word_1_59' title='bbox 1154 1171 1302 1235; x_wconf 88' lang='lat' dir='ltr'>rhetorici</span> 
     </span>
     <span class='ocr_line' id='line_1_9' title="bbox 180 1278 1302 1365; baseline -0.004 -20"><span class='ocrx_word' id='word_1_60' title='bbox 180 1282 265 1346; x_wconf 92' lang='lat' dir='ltr'>illius</span> <span class='ocrx_word' id='word_1_61' title='bbox 281 1281 360 1365; x_wconf 84' lang='lat' dir='ltr'>cycli</span> <span class='ocrx_word' id='word_1_62' title='bbox 384 1281 557 1362; x_wconf 88' lang='lat' dir='ltr'>requireret</span> <span class='ocrx_word' id='word_1_63' title='bbox 574 1279 677 1342; x_wconf 82' lang='lat' dir='ltr'>Midae</span> <span class='ocrx_word' id='word_1_64' title='bbox 701 1278 903 1342; x_wconf 87' lang='lat' dir='ltr'>celeberrimo</span> <span class='ocrx_word' id='word_1_65' title='bbox 927 1279 1053 1342; x_wconf 91' lang='lat' dir='ltr'>nomine</span> <span class='ocrx_word' id='word_1_66' title='bbox 1077 1278 1159 1340; x_wconf 88' lang='lat' dir='ltr'>hanc</span> <span class='ocrx_word' id='word_1_67' title='bbox 1180 1278 1302 1340; x_wconf 90' lang='lat' dir='ltr'>adrem</span> 
     </span>
     <span class='ocr_line' id='line_1_10' title="bbox 180 1384 1303 1463; baseline -0.004 -10"><span class='ocrx_word' id='word_1_68' title='bbox 180 1411 253 1453; x_wconf 93' lang='lat' dir='ltr'>usus</span> <span class='ocrx_word' id='word_1_69' title='bbox 285 1394 339 1453; x_wconf 88' lang='lat' dir='ltr'>est.</span> <span class='ocrx_word' id='word_1_70' title='bbox 387 1388 446 1463; x_wconf 77' lang='lat' dir='ltr'>Qui</span> <span class='ocrx_word' id='word_1_71' title='bbox 477 1409 554 1450; x_wconf 90' lang='lat' dir='ltr'>num</span> <span class='ocrx_word' id='word_1_72' title='bbox 585 1387 666 1449; x_wconf 91' lang='lat' dir='ltr'>idem</span> <span class='ocrx_word' id='word_1_73' title='bbox 700 1391 894 1450; x_wconf 89' lang='lat' dir='ltr'>commentus</span> <span class='ocrx_word' id='word_1_74' title='bbox 925 1387 965 1448; x_wconf 91' lang='lat' dir='ltr'>sit</span> <span class='ocrx_word' id='word_1_75' title='bbox 999 1385 1168 1448; x_wconf 87' lang='lat' dir='ltr'><strong>Homerum</strong></span> <span class='ocrx_word' id='word_1_76' title='bbox 1198 1384 1303 1448; x_wconf 81' lang='lat' dir='ltr'>Cumis</span> 
     </span>
     <span class='ocr_line' id='line_1_11' title="bbox 182 1491 1301 1574; baseline -0.004 -14"><span class='ocrx_word' id='word_1_77' title='bbox 182 1499 236 1560; x_wconf 90' lang='lat' dir='ltr'>hos</span> <span class='ocrx_word' id='word_1_78' title='bbox 267 1518 372 1560; x_wconf 85' lang='lat' dir='ltr'>versus</span> <span class='ocrx_word' id='word_1_79' title='bbox 399 1496 485 1557; x_wconf 91' lang='lat' dir='ltr'>iussu</span> <span class='ocrx_word' id='word_1_80' title='bbox 508 1494 613 1558; x_wconf 85' lang='lat' dir='ltr'>Midae</span> <span class='ocrx_word' id='word_1_81' title='bbox 636 1494 791 1570; x_wconf 79' lang='lat' dir='ltr'>filiorum,</span> <span class='ocrx_word' id='word_1_82' title='bbox 824 1492 945 1556; x_wconf 81' lang='lat' dir='ltr'>Xanthi</span> <span class='ocrx_word' id='word_1_83' title='bbox 979 1497 1010 1556; x_wconf 89' lang='lat' dir='ltr'>et</span> <span class='ocrx_word' id='word_1_84' title='bbox 1033 1491 1148 1574; x_wconf 65' lang='lat' dir='ltr'>Gargi,</span> <span class='ocrx_word' id='word_1_85' title='bbox 1184 1492 1301 1567; x_wconf 72' lang='lat' dir='ltr'>fecisse,</span> 
     </span>
     <span class='ocr_line' id='line_1_12' title="bbox 183 1600 1302 1684; baseline -0.005 -18"><span class='ocrx_word' id='word_1_86' title='bbox 183 1604 216 1666; x_wconf 89' lang='lat' dir='ltr'>in</span> <span class='ocrx_word' id='word_1_87' title='bbox 240 1603 343 1667; x_wconf 90' lang='lat' dir='ltr'>medio</span> <span class='ocrx_word' id='word_1_88' title='bbox 367 1602 530 1684; x_wconf 88' lang='lat' dir='ltr'>relinquo:</span> <span class='ocrx_word' id='word_1_89' title='bbox 565 1602 616 1664; x_wconf 86' lang='lat' dir='ltr'>sed</span> <span class='ocrx_word' id='word_1_90' title='bbox 646 1601 729 1663; x_wconf 84' lang='lat' dir='ltr'>haud</span> <span class='ocrx_word' id='word_1_91' title='bbox 760 1600 864 1683; x_wconf 90' lang='lat' dir='ltr'>inepte</span> <span class='ocrx_word' id='word_1_92' title='bbox 893 1600 962 1682; x_wconf 89' lang='lat' dir='ltr'>quis</span> <span class='ocrx_word' id='word_1_93' title='bbox 990 1601 1143 1664; x_wconf 87' lang='lat' dir='ltr'>coniectet</span> <span class='ocrx_word' id='word_1_94' title='bbox 1170 1600 1302 1663; x_wconf 89' lang='lat' dir='ltr'>eundem</span> 
     </span>
     <span class='ocr_line' id='line_1_13' title="bbox 181 1703 1304 1793; baseline -0.005 -21"><span class='ocrx_word' id='word_1_95' title='bbox 181 1710 235 1791; x_wconf 90' lang='lat' dir='ltr'>qui</span> <span class='ocrx_word' id='word_1_96' title='bbox 260 1703 392 1793; x_wconf 82' lang='grc' dir='ltr'><em>γρίφους</em></span> <span class='ocrx_word' id='word_1_97' title='bbox 416 1707 486 1770; x_wconf 92' lang='lat' dir='ltr'>illos</span> <span class='ocrx_word' id='word_1_98' title='bbox 509 1706 694 1770; x_wconf 82' lang='lat' dir='ltr'>Certaminis</span> <span class='ocrx_word' id='word_1_99' title='bbox 719 1708 758 1770; x_wconf 89' lang='lat' dir='ltr'>ab</span> <span class='ocrx_word' id='word_1_100' title='bbox 783 1707 920 1769; x_wconf 85' lang='lat' dir='ltr'><strong>Homero</strong></span> <span class='ocrx_word' id='word_1_101' title='bbox 943 1706 1099 1788; x_wconf 83' lang='lat' dir='ltr'>profectos</span> <span class='ocrx_word' id='word_1_102' title='bbox 1124 1728 1187 1768; x_wconf 89' lang='lat' dir='ltr'>esse</span> <span class='ocrx_word' id='word_1_103' title='bbox 1211 1705 1304 1768; x_wconf 86' lang='lat' dir='ltr'>finxit</span> 
     </span>
     <span class='ocr_line' id='line_1_14' title="bbox 181 1812 1303 1904; baseline -0.004 -25"><span class='ocrx_word' id='word_1_104' title='bbox 181 1819 221 1895; x_wconf 78' lang='lat' dir='ltr'>(v.</span> <span class='ocrx_word' id='word_1_105' title='bbox 248 1814 367 1890; x_wconf 77' lang='lat' dir='ltr'>Rohde,</span> <span class='ocrx_word' id='word_1_106' title='bbox 394 1815 453 1879; x_wconf 85' lang='lat' dir='ltr'>Rh.</span> <span class='ocrx_word' id='word_1_107' title='bbox 479 1814 523 1878; x_wconf 92' lang='lat' dir='ltr'>M.</span> <span class='ocrx_word' id='word_1_108' title='bbox 549 1816 589 1877; x_wconf 82' lang='lat'>36</span> <span class='ocrx_word' id='word_1_109' title='bbox 615 1837 645 1896; x_wconf 92' lang='lat' dir='ltr'>p.</span> <span class='ocrx_word' id='word_1_110' title='bbox 670 1813 768 1892; x_wconf 78' lang='grc'>566),</span> <span class='ocrx_word' id='word_1_111' title='bbox 801 1814 879 1876; x_wconf 90' lang='lat' dir='ltr'>tales</span> <span class='ocrx_word' id='word_1_112' title='bbox 903 1834 1027 1895; x_wconf 90' lang='lat' dir='ltr'>quoque</span> <span class='ocrx_word' id='word_1_113' title='bbox 1061 1813 1145 1875; x_wconf 89' lang='lat' dir='ltr'>lusus</span> <span class='ocrx_word' id='word_1_114' title='bbox 1169 1812 1303 1904; x_wconf 83' lang='lat' dir='ltr'>principi</span> 
     </span>
     <span class='ocr_line' id='line_1_15' title="bbox 182 1921 525 2003; baseline -0.009 -18"><span class='ocrx_word' id='word_1_115' title='bbox 182 1927 345 2003; x_wconf 87' lang='lat' dir='ltr'>poetarum</span> <span class='ocrx_word' id='word_1_116' title='bbox 369 1921 525 1985; x_wconf 83' lang='lat' dir='ltr'>tribuisse.</span> 
     </span>
    </p>
   </div>
   <div class='ocr_carea' id='block_1_3' title="bbox 441 2114 1050 2196">
    <p class='ocr_par' dir='ltr' id='par_1_3' title="bbox 441 2114 1050 2196">
     <span class='ocr_line' id='line_1_16' title="bbox 441 2114 1050 2196; baseline 0.005 -17"><span class='ocrx_word' id='word_1_117' title='bbox 441 2116 519 2185; x_wconf 77' lang='lat' dir='ltr'>vll.</span> <span class='ocrx_word' id='word_1_118' title='bbox 548 2115 597 2181; x_wconf 79' lang='lat' dir='ltr'>lle</span> <span class='ocrx_word' id='word_1_119' title='bbox 621 2114 831 2180; x_wconf 78' lang='lat' dir='ltr'>Arcadionis</span> <span class='ocrx_word' id='word_1_120' title='bbox 856 2114 1050 2196; x_wconf 85' lang='lat' dir='ltr'>epitaphio.</span> 
     </span>
    </p>
   </div>
   <div class='ocr_carea' id='block_1_4' title="bbox 347 2252 1146 2347">
    <p class='ocr_par' dir='ltr' id='par_1_4' title="bbox 347 2252 1146 2347">
     <span class='ocr_line' id='line_1_17' title="bbox 347 2252 1146 2347; baseline -0.001 -27"><span class='ocrx_word' id='word_1_121' title='bbox 347 2264 413 2322; x_wconf 85' lang='grc' dir='ltr'>Τοῦ</span> <span class='ocrx_word' id='word_1_122' title='bbox 436 2253 680 2335; x_wconf 69' lang='grc' dir='ltr'><em>πολυκώθωνος</em></span> <span class='ocrx_word' id='word_1_123' title='bbox 706 2263 790 2322; x_wconf 76' lang='grc' dir='ltr'><strong><em>τοῦτ’</em></strong></span> <span class='ocrx_word' id='word_1_124' title='bbox 816 2252 905 2347; x_wconf 71' lang='grc' dir='ltr'><strong><em>ἠρίον</em></strong></span> <span class='ocrx_word' id='word_1_125' title='bbox 935 2253 1146 2338; x_wconf 74' lang='grc' dir='ltr'><strong><em>Ἀρκαδίωνος</em></strong></span> 
     </span>
    </p>
   </div>
   <div class='ocr_carea' id='block_1_5' title="bbox 184 2357 1304 4003">
    <p class='ocr_par' dir='ltr' id='par_1_5' title="bbox 343 2357 1200 2558">
     <span class='ocr_line' id='line_1_18' title="bbox 397 2357 1099 2450; baseline -0.004 -23"><span class='ocrx_word' id='word_1_126' title='bbox 397 2357 513 2441; x_wconf 67' lang='grc' dir='ltr'><strong><em>ἄστεος</em></strong></span> <span class='ocrx_word' id='word_1_127' title='bbox 537 2358 699 2444; x_wconf 67' lang='grc' dir='ltr'><strong><em>ὤρθωσαν</em></strong></span> <span class='ocrx_word' id='word_1_128' title='bbox 723 2365 801 2450; x_wconf 74' lang='grc' dir='ltr'><strong><em>τᾷδε</em></strong></span> <span class='ocrx_word' id='word_1_129' title='bbox 825 2371 902 2446; x_wconf 79' lang='grc' dir='ltr'><strong><em>παρ’</em></strong></span> <span class='ocrx_word' id='word_1_130' title='bbox 928 2357 1099 2447; x_wconf 71' lang='grc' dir='ltr'><strong><em>α’τραττιτῴ</em></strong></span> 
     </span>
     <span class='ocr_line' id='line_1_19' title="bbox 343 2465 1200 2558; baseline -0.004 -23"><span class='ocrx_word' id='word_1_131' title='bbox 343 2470 430 2558; x_wconf 69' lang='grc' dir='ltr'><strong><em>υἱῆες</em></strong></span> <span class='ocrx_word' id='word_1_132' title='bbox 454 2465 589 2555; x_wconf 80' lang='grc' dir='ltr'><strong><em>Δόρκων</em></strong></span> <span class='ocrx_word' id='word_1_133' title='bbox 612 2470 668 2533; x_wconf 82' lang='grc' dir='ltr'>καὶ</span> <span class='ocrx_word' id='word_1_134' title='bbox 694 2465 882 2551; x_wconf 76' lang='grc' dir='ltr'><strong><em>Χαρμύλος·</em></strong></span> <span class='ocrx_word' id='word_1_135' title='bbox 909 2467 1032 2555; x_wconf 64' lang='grc' dir='ltr'><strong><em>ἔφθιτο</em></strong></span> <span class='ocrx_word' id='word_1_136' title='bbox 1056 2471 1084 2534; x_wconf 80' lang='grc' dir='ltr'>δ’</span> <span class='ocrx_word' id='word_1_137' title='bbox 1110 2465 1200 2555; x_wconf 71' lang='grc' dir='ltr'><strong><em>ὡνήρ,</em></strong></span> 
     </span>
    </p>

    <p class='ocr_par' dir='ltr' id='par_1_6' title="bbox 184 2570 1304 4003">
     <span class='ocr_line' id='line_1_20' title="bbox 397 2570 1145 2661; baseline 0.001 -22"><span class='ocrx_word' id='word_1_138' title='bbox 397 2570 564 2661; x_wconf 72' lang='grc' dir='ltr'><strong><em>ὤνθρωπ’,</em></strong></span> <span class='ocrx_word' id='word_1_139' title='bbox 590 2572 626 2653; x_wconf 59' lang='grc' dir='ltr'>ἓξ</span> <span class='ocrx_word' id='word_1_140' title='bbox 648 2573 763 2656; x_wconf 78' lang='grc' dir='ltr'><strong><em>χανδόν</em></strong></span> <span class='ocrx_word' id='word_1_141' title='bbox 787 2576 981 2659; x_wconf 75' lang='grc' dir='ltr'><strong><em>ζωροποτῶν</em></strong></span> <span class='ocrx_word' id='word_1_142' title='bbox 1005 2573 1145 2653; x_wconf 74' lang='grc' dir='ltr'><strong><em>κύλικας.</em></strong></span> 
     </span>
     <span class='ocr_line' id='line_1_21' title="bbox 184 2776 1301 2845; baseline 0.002 -19"><span class='ocrx_word' id='word_1_143' title='bbox 184 2776 318 2843; x_wconf 88' lang='lat' dir='ltr'>scriptum</span> <span class='ocrx_word' id='word_1_144' title='bbox 346 2779 388 2829; x_wconf 86' lang='lat' dir='ltr'>est</span> <span class='ocrx_word' id='word_1_145' title='bbox 416 2776 506 2828; x_wconf 90' lang='lat' dir='ltr'>Midae</span> <span class='ocrx_word' id='word_1_146' title='bbox 534 2777 607 2843; x_wconf 86' lang='lat' dir='ltr'>regis</span> <span class='ocrx_word' id='word_1_147' title='bbox 627 2777 722 2828; x_wconf 78' lang='lat' dir='ltr'>Gordii</span> <span class='ocrx_word' id='word_1_148' title='bbox 750 2777 809 2829; x_wconf 86' lang='lat' dir='ltr'>tilii.</span> <span class='ocrx_word' id='word_1_149' title='bbox 848 2778 923 2830; x_wconf 88' lang='lat' dir='ltr'>luter</span> <span class='ocrx_word' id='word_1_150' title='bbox 949 2779 1016 2831; x_wconf 88' lang='lat' dir='ltr'>haee</span> <span class='ocrx_word' id='word_1_151' title='bbox 1035 2777 1161 2845; x_wconf 85' lang='lat' dir='ltr'>sepulcra</span> <span class='ocrx_word' id='word_1_152' title='bbox 1180 2777 1301 2845; x_wconf 89' lang='lat' dir='ltr'>positum</span> 
     </span>
     <span class='ocr_line' id='line_1_22' title="bbox 185 2865 1302 2936; baseline 0.003 -20"><span class='ocrx_word' id='word_1_153' title='bbox 185 2881 294 2932; x_wconf 89' lang='lat' dir='ltr'>quoque</span> <span class='ocrx_word' id='word_1_154' title='bbox 321 2865 389 2918; x_wconf 92' lang='lat' dir='ltr'>olim</span> <span class='ocrx_word' id='word_1_155' title='bbox 415 2865 500 2918; x_wconf 90' lang='lat' dir='ltr'>fuisse</span> <span class='ocrx_word' id='word_1_156' title='bbox 527 2870 738 2920; x_wconf 90' lang='lat' dir='ltr'>monumentum</span> <span class='ocrx_word' id='word_1_157' title='bbox 763 2884 824 2918; x_wconf 88' lang='lat' dir='ltr'>omn</span> <span class='ocrx_word' id='word_1_158' title='bbox 851 2884 938 2920; x_wconf 88' lang='lat' dir='ltr'>aenea</span> <span class='ocrx_word' id='word_1_159' title='bbox 958 2867 1007 2919; x_wconf 90' lang='lat' dir='ltr'>illa</span> <span class='ocrx_word' id='word_1_160' title='bbox 1027 2867 1135 2936; x_wconf 80' lang='lat' dir='ltr'>virgine</span> <span class='ocrx_word' id='word_1_161' title='bbox 1155 2870 1182 2919; x_wconf 90' lang='lat' dir='ltr'>et</span> <span class='ocrx_word' id='word_1_162' title='bbox 1202 2884 1302 2935; x_wconf 85' lang='lat' dir='ltr'>graeco</span> 
     </span>
     <span class='ocr_line' id='line_1_23' title="bbox 184 2953 1302 3024; baseline 0.003 -18"><span class='ocrx_word' id='word_1_163' title='bbox 184 2954 387 3022; x_wconf 78' lang='lat' dir='ltr'>epigrammate</span> <span class='ocrx_word' id='word_1_164' title='bbox 412 2955 555 3009; x_wconf 88' lang='lat' dir='ltr'>sententia</span> <span class='ocrx_word' id='word_1_165' title='bbox 581 2959 623 3008; x_wconf 90' lang='lat' dir='ltr'>est</span> <span class='ocrx_word' id='word_1_166' title='bbox 648 2955 785 3008; x_wconf 89' lang='lat' dir='ltr'>Duncheri</span> <span class='ocrx_word' id='word_1_167' title='bbox 815 2956 924 3019; x_wconf 83' lang='lat' dir='ltr'>(Gesch.</span> <span class='ocrx_word' id='word_1_168' title='bbox 951 2957 975 3008; x_wconf 92' lang='lat' dir='ltr'>d.</span> <span class='ocrx_word' id='word_1_169' title='bbox 1003 2957 1102 3011; x_wconf 84' lang='lat' dir='ltr'>Altert.</span> <span class='ocrx_word' id='word_1_170' title='bbox 1131 2953 1156 3007; x_wconf 77' lang='lat' dir='ltr'>[a</span> <span class='ocrx_word' id='word_1_171' title='bbox 1184 2975 1210 3024; x_wconf 93' lang='lat' dir='ltr'>p.</span> <span class='ocrx_word' id='word_1_172' title='bbox 1230 2956 1302 3017; x_wconf 83' lang='grc'>454).</span> 
     </span>
     <span class='ocr_line' id='line_1_24' title="bbox 185 3041 1304 3112; baseline 0.002 -19"><span class='ocrx_word' id='word_1_173' title='bbox 185 3041 346 3110; x_wconf 79' lang='lat' dir='ltr'>Rathgeber</span> <span class='ocrx_word' id='word_1_174' title='bbox 366 3043 410 3107; x_wconf 83' lang='lat'>(59</span> <span class='ocrx_word' id='word_1_175' title='bbox 431 3043 639 3098; x_wconf 81' lang='lat' dir='ltr'>Silbermiinzen</span> <span class='ocrx_word' id='word_1_176' title='bbox 660 3043 710 3097; x_wconf 87' lang='lat' dir='ltr'>der</span> <span class='ocrx_word' id='word_1_177' title='bbox 730 3044 887 3097; x_wconf 83' lang='lat' dir='ltr'>Athenaeer</span> <span class='ocrx_word' id='word_1_178' title='bbox 909 3062 936 3111; x_wconf 89' lang='lat' dir='ltr'>p.</span> <span class='ocrx_word' id='word_1_179' title='bbox 958 3043 1031 3106; x_wconf 85' lang='lat' dir='ltr'>Vlll)</span> <span class='ocrx_word' id='word_1_180' title='bbox 1051 3043 1078 3096; x_wconf 93' lang='lat' dir='ltr'>id</span> <span class='ocrx_word' id='word_1_181' title='bbox 1099 3044 1210 3112; x_wconf 92' lang='lat' dir='ltr'>quidem</span> <span class='ocrx_word' id='word_1_182' title='bbox 1231 3043 1304 3097; x_wconf 90' lang='lat' dir='ltr'>vidit</span> 
     </span>
     <span class='ocr_line' id='line_1_25' title="bbox 185 3133 1304 3200; baseline 0.003 -17"><span class='ocrx_word' id='word_1_183' title='bbox 185 3148 239 3184; x_wconf 93' lang='lat' dir='ltr'>non</span> <span class='ocrx_word' id='word_1_184' title='bbox 258 3150 338 3200; x_wconf 88' lang='lat' dir='ltr'>posse</span> <span class='ocrx_word' id='word_1_185' title='bbox 362 3137 464 3200; x_wconf 77' lang='lat' dir='ltr'>graeca</span> <span class='ocrx_word' id='word_1_186' title='bbox 483 3133 567 3185; x_wconf 89' lang='lat' dir='ltr'>verba</span> <span class='ocrx_word' id='word_1_187' title='bbox 587 3133 613 3185; x_wconf 92' lang='lat' dir='ltr'>in</span> <span class='ocrx_word' id='word_1_188' title='bbox 634 3133 726 3186; x_wconf 87' lang='lat' dir='ltr'>Midae</span> <span class='ocrx_word' id='word_1_189' title='bbox 746 3133 871 3200; x_wconf 85' lang='lat' dir='ltr'>sepulcro</span> <span class='ocrx_word' id='word_1_190' title='bbox 891 3133 1032 3200; x_wconf 89' lang='lat' dir='ltr'>insculpta</span> <span class='ocrx_word' id='word_1_191' title='bbox 1051 3151 1124 3188; x_wconf 88' lang='lat' dir='ltr'>esse:</span> <span class='ocrx_word' id='word_1_192' title='bbox 1144 3134 1228 3185; x_wconf 91' lang='lat' dir='ltr'>immo</span> <span class='ocrx_word' id='word_1_193' title='bbox 1252 3134 1304 3186; x_wconf 91' lang='lat' dir='ltr'>Ho-</span> 
     </span>
     <span class='ocr_line' id='line_1_26' title="bbox 186 3220 1302 3290; baseline 0.004 -20"><span class='ocrx_word' id='word_1_194' title='bbox 186 3220 319 3272; x_wconf 87' lang='lat' dir='ltr'>meridam</span> <span class='ocrx_word' id='word_1_195' title='bbox 341 3221 480 3287; x_wconf 81' lang='lat' dir='ltr'>quendam</span> <span class='ocrx_word' id='word_1_196' title='bbox 502 3221 617 3274; x_wconf 82' lang='lat' dir='ltr'><strong>Aeolum</strong></span> <span class='ocrx_word' id='word_1_197' title='bbox 637 3222 811 3289; x_wconf 84' lang='lat' dir='ltr'>epigramma</span> <span class='ocrx_word' id='word_1_198' title='bbox 830 3239 929 3289; x_wconf 82' lang='lat' dir='ltr'>graece</span> <span class='ocrx_word' id='word_1_199' title='bbox 954 3222 1157 3290; x_wconf 75' lang='lat' dir='ltr'>conscripsisse,</span> <span class='ocrx_word' id='word_1_200' title='bbox 1181 3223 1255 3290; x_wconf 91' lang='lat' dir='ltr'>quod</span> <span class='ocrx_word' id='word_1_201' title='bbox 1274 3223 1302 3275; x_wconf 94' lang='lat' dir='ltr'>in</span> 
     </span>
     <span class='ocr_line' id='line_1_27' title="bbox 184 3309 1303 3380; baseline 0 -18"><span class='ocrx_word' id='word_1_202' title='bbox 184 3310 334 3379; x_wconf 85' lang='lat' dir='ltr'>phrygiam</span> <span class='ocrx_word' id='word_1_203' title='bbox 352 3309 478 3378; x_wconf 83' lang='lat' dir='ltr'>linguam</span> <span class='ocrx_word' id='word_1_204' title='bbox 499 3328 607 3364; x_wconf 90' lang='lat' dir='ltr'>versum</span> <span class='ocrx_word' id='word_1_205' title='bbox 628 3311 723 3364; x_wconf 85' lang='lat' dir='ltr'>subter</span> <span class='ocrx_word' id='word_1_206' title='bbox 740 3311 876 3377; x_wconf 78' lang='lat' dir='ltr'>virginem</span> <span class='ocrx_word' id='word_1_207' title='bbox 891 3329 1005 3365; x_wconf 83' lang='lat' dir='ltr'>aeneam</span> <span class='ocrx_word' id='word_1_208' title='bbox 1026 3312 1204 3380; x_wconf 86' lang='lat' dir='ltr'>insculptum</span> <span class='ocrx_word' id='word_1_209' title='bbox 1216 3315 1303 3365; x_wconf 88' lang='lat' dir='ltr'>esset:</span> 
     </span>
     <span class='ocr_line' id='line_1_28' title="bbox 185 3399 1304 3468; baseline 0.003 -17"><span class='ocrx_word' id='word_1_210' title='bbox 185 3416 268 3466; x_wconf 88' lang='lat' dir='ltr'>quam</span> <span class='ocrx_word' id='word_1_211' title='bbox 297 3399 456 3466; x_wconf 92' lang='lat' dir='ltr'>opinionem</span> <span class='ocrx_word' id='word_1_212' title='bbox 485 3400 611 3453; x_wconf 80' lang='lat' dir='ltr'>refellere</span> <span class='ocrx_word' id='word_1_213' title='bbox 635 3400 808 3468; x_wconf 84' lang='lat' dir='ltr'>supersedeo.</span> <span class='ocrx_word' id='word_1_214' title='bbox 841 3427 871 3434; x_wconf 85' lang='lat'>-</span> <span class='ocrx_word' id='word_1_215' title='bbox 901 3399 1029 3454; x_wconf 80' lang='lat' dir='ltr'>Ceterum</span> <span class='ocrx_word' id='word_1_216' title='bbox 1059 3401 1194 3454; x_wconf 88' lang='lat' dir='ltr'>adnotare</span> <span class='ocrx_word' id='word_1_217' title='bbox 1219 3401 1304 3454; x_wconf 88' lang='lat' dir='ltr'>liceat</span> 
     </span>
     <span class='ocr_line' id='line_1_29' title="bbox 186 3488 1303 3557; baseline 0.002 -17"><span class='ocrx_word' id='word_1_218' title='bbox 186 3505 288 3542; x_wconf 88' lang='lat' dir='ltr'>morem</span> <span class='ocrx_word' id='word_1_219' title='bbox 309 3505 341 3541; x_wconf 82' lang='lat' dir='ltr'>ex</span> <span class='ocrx_word' id='word_1_220' title='bbox 361 3506 415 3555; x_wconf 94' lang='lat' dir='ltr'>quo</span> <span class='ocrx_word' id='word_1_221' title='bbox 436 3488 581 3542; x_wconf 86' lang='lat' dir='ltr'>mulierum</span> <span class='ocrx_word' id='word_1_222' title='bbox 604 3493 714 3543; x_wconf 88' lang='lat' dir='ltr'>statuae</span> <span class='ocrx_word' id='word_1_223' title='bbox 734 3489 868 3557; x_wconf 86' lang='lat' dir='ltr'>sepulcris</span> <span class='ocrx_word' id='word_1_224' title='bbox 889 3490 1072 3557; x_wconf 87' lang='lat' dir='ltr'>imponuntur</span> <span class='ocrx_word' id='word_1_225' title='bbox 1091 3489 1176 3543; x_wconf 89' lang='lat' dir='ltr'>etiam</span> <span class='ocrx_word' id='word_1_226' title='bbox 1197 3508 1213 3542; x_wconf 91' lang='lat' dir='ltr'>a</span> <span class='ocrx_word' id='word_1_227' title='bbox 1235 3490 1303 3542; x_wconf 84' lang='lat' dir='ltr'>Pau·</span> 
     </span>
     <span class='ocr_line' id='line_1_30' title="bbox 184 3577 1302 3643; baseline 0.002 -13"><span class='ocrx_word' id='word_1_228' title='bbox 184 3578 264 3631; x_wconf 87' lang='lat' dir='ltr'>sauia</span> <span class='ocrx_word' id='word_1_229' title='bbox 283 3579 429 3632; x_wconf 84' lang='lat' dir='ltr'>memorari</span> <span class='ocrx_word' id='word_1_230' title='bbox 450 3579 485 3642; x_wconf 84' lang='grc'>(8.</span> <span class='ocrx_word' id='word_1_231' title='bbox 499 3581 523 3631; x_wconf 89' lang='grc'>4.</span> <span class='ocrx_word' id='word_1_232' title='bbox 537 3577 563 3636; x_wconf 74' lang='grc'>9)</span> <span class='ocrx_word' id='word_1_233' title='bbox 578 3605 610 3614; x_wconf 87' lang='grc'>-·</span> <span class='ocrx_word' id='word_1_234' title='bbox 625 3580 658 3631; x_wconf 87' lang='lat' dir='ltr'>cf.</span> <span class='ocrx_word' id='word_1_235' title='bbox 682 3579 828 3643; x_wconf 80' lang='lat' dir='ltr'>Britckner‚</span> <span class='ocrx_word' id='word_1_236' title='bbox 850 3577 1002 3631; x_wconf 88' lang='lat' dir='ltr'>Ornament</span> <span class='ocrx_word' id='word_1_237' title='bbox 1018 3580 1074 3632; x_wconf 91' lang='lat' dir='ltr'>und</span> <span class='ocrx_word' id='word_1_238' title='bbox 1090 3580 1168 3631; x_wconf 84' lang='lat' dir='ltr'>Form</span> <span class='ocrx_word' id='word_1_239' title='bbox 1189 3580 1237 3632; x_wconf 89' lang='lat' dir='ltr'>der</span> <span class='ocrx_word' id='word_1_240' title='bbox 1250 3583 1302 3633; x_wconf 87' lang='lat' dir='ltr'>att.</span> 
     </span>
     <span class='ocr_line' id='line_1_31' title="bbox 185 3667 1303 3737; baseline 0.001 -17"><span class='ocrx_word' id='word_1_241' title='bbox 185 3668 349 3721; x_wconf 83' lang='lat' dir='ltr'>Grabsteleu</span> <span class='ocrx_word' id='word_1_242' title='bbox 370 3686 396 3736; x_wconf 91' lang='lat' dir='ltr'>p.</span> <span class='ocrx_word' id='word_1_243' title='bbox 411 3671 444 3721; x_wconf 82' lang='lat'>35</span> <span class='ocrx_word' id='word_1_244' title='bbox 464 3695 493 3702; x_wconf 93' lang='lat'>-</span> <span class='ocrx_word' id='word_1_245' title='bbox 511 3685 600 3735; x_wconf 90' lang='lat' dir='ltr'>neque</span> <span class='ocrx_word' id='word_1_246' title='bbox 619 3686 688 3736; x_wconf 91' lang='lat' dir='ltr'>opus</span> <span class='ocrx_word' id='word_1_247' title='bbox 709 3685 766 3721; x_wconf 86' lang='lat' dir='ltr'>esse</span> <span class='ocrx_word' id='word_1_248' title='bbox 786 3668 901 3721; x_wconf 76' lang='lat' dir='ltr'>Sirenes</span> <span class='ocrx_word' id='word_1_249' title='bbox 921 3667 965 3725; x_wconf 80' lang='lat' dir='ltr'>(cl.</span> <span class='ocrx_word' id='word_1_250' title='bbox 989 3668 1129 3722; x_wconf 79' lang='lat' dir='ltr'>Brtielmer</span> <span class='ocrx_word' id='word_1_251' title='bbox 1147 3688 1173 3737; x_wconf 90' lang='lat' dir='ltr'>p.</span> <span class='ocrx_word' id='word_1_252' title='bbox 1187 3671 1303 3727; x_wconf 81' lang='lat'><strong>27-32)</strong></span> 
     </span>
     <span class='ocr_line' id='line_1_32' title="bbox 185 3756 1303 3826; baseline 0.004 -20"><span class='ocrx_word' id='word_1_253' title='bbox 185 3756 273 3823; x_wconf 76' lang='grc' dir='ltr'><strong><em>χαλκῇ</em></strong></span> <span class='ocrx_word' id='word_1_254' title='bbox 291 3756 420 3822; x_wconf 71' lang='grc' dir='ltr'><strong><em>παρθένῳ</em></strong></span> <span class='ocrx_word' id='word_1_255' title='bbox 447 3757 599 3823; x_wconf 83' lang='lat' dir='ltr'>significari</span> <span class='ocrx_word' id='word_1_256' title='bbox 624 3757 697 3824; x_wconf 93' lang='lat' dir='ltr'>quod</span> <span class='ocrx_word' id='word_1_257' title='bbox 721 3760 804 3825; x_wconf 88' lang='lat' dir='ltr'>putat</span> <span class='ocrx_word' id='word_1_258' title='bbox 824 3756 922 3818; x_wconf 81' lang='lat' dir='ltr'>Flaoh,</span> <span class='ocrx_word' id='word_1_259' title='bbox 949 3757 1046 3809; x_wconf 71' lang='lat' dir='ltr'>(lesch.</span> <span class='ocrx_word' id='word_1_260' title='bbox 1067 3757 1091 3809; x_wconf 92' lang='lat' dir='ltr'>d.</span> <span class='ocrx_word' id='word_1_261' title='bbox 1112 3775 1153 3825; x_wconf 85' lang='lat' dir='ltr'>gr.</span> <span class='ocrx_word' id='word_1_262' title='bbox 1173 3756 1257 3824; x_wconf 87' lang='lat' dir='ltr'>Lyrik</span> <span class='ocrx_word' id='word_1_263' title='bbox 1276 3775 1303 3826; x_wconf 90' lang='lat' dir='ltr'>p.</span> 
     </span>
     <span class='ocr_line' id='line_1_33' title="bbox 185 3845 1303 3914; baseline -0.002 -14"><span class='ocrx_word' id='word_1_264' title='bbox 185 3849 245 3903; x_wconf 84' lang='grc'>459.</span> <span class='ocrx_word' id='word_1_265' title='bbox 265 3851 289 3900; x_wconf 85' lang='grc'>4.</span> <span class='ocrx_word' id='word_1_266' title='bbox 327 3846 474 3914; x_wconf 83' lang='lat' dir='ltr'>Goettling</span> <span class='ocrx_word' id='word_1_267' title='bbox 493 3845 567 3908; x_wconf 81' lang='lat' dir='ltr'>(Ges.</span> <span class='ocrx_word' id='word_1_268' title='bbox 588 3848 657 3900; x_wconf 83' lang='lat' dir='ltr'>Abh.</span> <span class='ocrx_word' id='word_1_269' title='bbox 681 3851 702 3899; x_wconf 95' lang='lat' dir='ltr'>l.</span> <span class='ocrx_word' id='word_1_270' title='bbox 725 3845 786 3909; x_wconf 81' lang='grc'>148)</span> <span class='ocrx_word' id='word_1_271' title='bbox 806 3847 908 3899; x_wconf 88' lang='lat' dir='ltr'>conicit</span> <span class='ocrx_word' id='word_1_272' title='bbox 927 3847 1080 3914; x_wconf 84' lang='lat' dir='ltr'>nympham</span> <span class='ocrx_word' id='word_1_273' title='bbox 1101 3847 1241 3900; x_wconf 81' lang='lat' dir='ltr'>Ariadnae</span> <span class='ocrx_word' id='word_1_274' title='bbox 1260 3845 1303 3899; x_wconf 88' lang='lat' dir='ltr'>illi</span> 
     </span>
     <span class='ocr_line' id='line_1_34' title="bbox 185 3934 1304 4003; baseline 0.003 -17"><span class='ocrx_word' id='word_1_275' title='bbox 185 3937 295 3988; x_wconf 85' lang='lat' dir='ltr'>statuae</span> <span class='ocrx_word' id='word_1_276' title='bbox 312 3934 464 3987; x_wconf 88' lang='lat' dir='ltr'>Vaticanae</span> <span class='ocrx_word' id='word_1_277' title='bbox 483 3934 657 3987; x_wconf 82' lang='lat' dir='ltr'>consimilem</span> <span class='ocrx_word' id='word_1_278' title='bbox 678 3935 705 3988; x_wconf 91' lang='lat' dir='ltr'>in</span> <span class='ocrx_word' id='word_1_279' title='bbox 726 3936 852 4002; x_wconf 87' lang='lat' dir='ltr'>sepulcro</span> <span class='ocrx_word' id='word_1_280' title='bbox 872 3935 1032 4003; x_wconf 86' lang='lat' dir='ltr'>impositam</span> <span class='ocrx_word' id='word_1_281' title='bbox 1050 3935 1143 3999; x_wconf 85' lang='lat' dir='ltr'>fuisse,</span> <span class='ocrx_word' id='word_1_282' title='bbox 1164 3952 1304 3989; x_wconf 88' lang='lat' dir='ltr'>murmure</span> 
     </span>
    </p>
   </div>
   <div class='ocr_carea' id='block_1_6' title="bbox 185 4024 1303 4181">
    <p class='ocr_par' dir='ltr' id='par_1_7' title="bbox 185 4024 1303 4181">
     <span class='ocr_line' id='line_1_35' title="bbox 185 4024 1303 4093; baseline 0.003 -18"><span class='ocrx_word' id='word_1_283' title='bbox 185 4025 270 4076; x_wconf 87' lang='lat' dir='ltr'>fontis</span> <span class='ocrx_word' id='word_1_284' title='bbox 290 4042 324 4078; x_wconf 84' lang='lat' dir='ltr'>ex</span> <span class='ocrx_word' id='word_1_285' title='bbox 343 4041 421 4086; x_wconf 82' lang='lat' dir='ltr'>urna,</span> <span class='ocrx_word' id='word_1_286' title='bbox 442 4042 525 4092; x_wconf 90' lang='lat' dir='ltr'>quam</span> <span class='ocrx_word' id='word_1_287' title='bbox 546 4041 630 4077; x_wconf 92' lang='lat' dir='ltr'>manu</span> <span class='ocrx_word' id='word_1_288' title='bbox 650 4028 766 4085; x_wconf 75' lang='lat' dir='ltr'>teneret.</span> <span class='ocrx_word' id='word_1_289' title='bbox 787 4024 959 4093; x_wconf 84' lang='lat' dir='ltr'>prosilientis</span> <span class='ocrx_word' id='word_1_290' title='bbox 979 4024 1167 4093; x_wconf 83' lang='lat' dir='ltr'>consopitam:</span> <span class='ocrx_word' id='word_1_291' title='bbox 1197 4025 1303 4078; x_wconf 85' lang='lat' dir='ltr'>coniec-</span> 
     </span>
     <span class='ocr_line' id='line_1_36' title="bbox 185 4112 774 4181; baseline 0.002 -16"><span class='ocrx_word' id='word_1_292' title='bbox 185 4115 256 4175; x_wconf 80' lang='lat' dir='ltr'>tura,</span> <span class='ocrx_word' id='word_1_293' title='bbox 277 4113 384 4181; x_wconf 81' lang='lat' dir='ltr'>opinor,</span> <span class='ocrx_word' id='word_1_294' title='bbox 404 4112 553 4180; x_wconf 80' lang='lat' dir='ltr'>speciosior</span> <span class='ocrx_word' id='word_1_295' title='bbox 573 4130 657 4179; x_wconf 87' lang='lat' dir='ltr'>quam</span> <span class='ocrx_word' id='word_1_296' title='bbox 677 4113 774 4166; x_wconf 85' lang='lat' dir='ltr'>verior.</span> 
     </span>
    </p>
   </div>
   <div class='ocr_carea' id='block_1_7' title="bbox 0 0 1496 4734">
    <p class='ocr_par' dir='ltr' id='par_1_8' title="bbox 0 0 1496 4734">
     <span class='ocr_line' id='line_1_37' title="bbox 0 0 1496 4734; baseline 0 0"><span class='ocrx_word' id='word_1_297' title='bbox 0 0 1496 4734; x_wconf 95' lang='lat' dir='ltr'> </span> 
     </span>
    </p>
   </div>
  </div>
 </body>
</html>
