2986 4726
639 396 849 456 -.43-

185 575 267 639 enim
292 598 329 638 ex
355 573 504 658 Dionysio
528 573 696 658 Byzantio,
726 573 820 637 fuisse
844 572 994 655 quosdam
1019 571 1073 655 qui
1097 592 1210 634 vanam
1233 569 1303 632 red·

186 682 321 746 diderint
345 680 507 744 historiam
539 685 570 745 et
598 681 702 743 bovis
730 684 854 743 tantum
879 678 1026 762 antiquae
1050 682 1186 742 statuam
1211 680 1303 759 puta·

185 787 297 851 verint.
339 787 379 850 Et
402 790 503 850 exstat
526 786 758 871 chronographi
783 785 1007 869 fragmentum,
1032 785 1150 850 editum
1174 783 1303 848 aLam·

188 896 272 960 becio
303 918 340 958 ex
371 895 476 959 codice
508 895 643 978 quodam
679 893 819 957 Parisino
859 893 913 975 (ct'.
951 892 1086 977 Hesych.
1121 891 1222 956 Miles.
1256 893 1300 954 ed

185 1001 282 1068 Orelli
306 1024 337 1085 p.
356 1001 454 1081 233):
486 991 612 1086 Ταύτης
635 1003 687 1080 (sc.
712 991 801 1079 Ἰοῦς)
834 992 1004 1076 ἐπώνυμος
1037 990 1054 1060 ὁ
1081 989 1248 1081 Βόσπορος
1273 994 1303 1059 ἒ-

185 1097 295 1193 altri-9⁷]
325 1107 381 1169 τοῦ
407 1102 596 1185 Βυζαντίου,
631 1099 688 1187 ἀφ’
714 1091 751 1169 οὗ
775 1095 892 1191 στήλην
916 1099 1054 1190 ἔστησαν
1078 1097 1248 1184 δαμάλεως
1272 1101 1305 1166 ἐν

185 1209 267 1276 κίονι
291 1210 374 1294 πρὸς
397 1208 434 1276 τὸ
458 1206 635 1295 ἀντιπέραν
658 1212 716 1298 τῆς
738 1203 947 1294 ἀκροπόλεως
965 1206 1180 1292 Βυζαντιόν.1)
1215 1212 1304 1288 Quod

185 1327 231 1386 est
258 1323 462 1386 verissimum.
511 1323 612 1405 Prope
636 1322 810 1405 Bosporum
839 1321 922 1384 enim
952 1301 1040 1384 bovis
1062 1324 1200 1383 statuam
1223 1318 1304 1383 nihil

186 1429 270 1493 aliud
293 1429 471 1512 significare
488 1451 582 1513 quam
599 1428 707 1493 louem
732 1428 764 1491 in
787 1428 899 1492 bovem
917 1431 1070 1490 mutatam
1091 1425 1193 1509 quivis
1210 1425 1303 1488 videt.

186 1536 285 1612 Quam
309 1540 427 1599 rectam
450 1537 630 1619 opinionem
655 1540 690 1598 ut
712 1536 928 1619 impugnaret,
953 1535 1078 1617 ineptus
1102 1533 1171 1617 quis
1194 1532 1304 1596 inferi-

186 1665 276 1706 orum
291 1647 468 1725 temporum
493 1643 717 1727 grammaticus
746 1642 888 1714 doctrina
904 1664 960 1704 sua
975 1663 1139 1724 perperam
1160 1663 1232 1704 usus
1248 1641 1305 1704 hos

187 1750 353 1814 versiculos
376 1750 465 1826 fecit;
491 1750 545 1833 qui
564 1749 728 1814 columnae
744 1748 885 1831 inscripti
910 1746 1003 1811 fuisse
1019 1748 1179 1812 videntur:
1205 1769 1306 1830 neque

186 1856 269 1918 enim
286 1878 366 1939 quac
378 1856 553 1938 complures
569 1858 699 1921 tradunt
713 1857 880 1939 scriptores
893 1856 987 1938 plane
999 1855 1133 1919 conficta
1145 1877 1209 1919 esse
1224 1875 1304 1919 reor.

615 2280 878 2385 Appendix.

182 2339 390 2479 {uass—a
412 2370 725 2468 flamm

281 2480 414 2600 (νζνιαῗντ
422 2510 565 2564 mmmm)
573 2548 581 2560 .
731 2502 744 2564 l
753 2549 759 2562 .

277 2641 449 2706 Bandinius
479 2645 511 2706 in
537 2643 689 2727 Catalogo
721 2645 861 2708 codicum
887 2665 1071 2726 graecorum
1098 2642 1305 2708 bibliothecae

188 2747 416 2811 Laurentianae
439 2747 472 2812 ll
503 2772 532 2831 p.
559 2752 622 2815 579
636 2774 703 2835 sqq.
737 2774 775 2814 ex
799 2753 901 2834 quinti
925 2752 1036 2816 decimi
1061 2750 1176 2814 saeculi
1201 2750 1305 2814 codice

187 2854 349 2918 duodecim
373 2855 470 2918 edidit
486 2856 702 2939 inscriptiones
719 2880 797 2940 quas
811 2862 929 2940 septem
949 2861 1124 2940 sequuntur
1147 2856 1306 2938 epigram·

187 2965 281 3024 mata.
328 2960 415 3036 Quae
448 2962 666 3044 inscriptiones
699 2964 800 3028 nescio
833 2986 896 3046 quo
929 2968 1020 3046 pacto
1045 2986 1142 3046 usque
1165 2963 1203 3025 ad
1228 2963 1305 3024 haec

186 3071 328 3149 tempora
359 3068 521 3152 neglectae
552 3073 647 3153 atque
677 3071 803 3135 abditae
825 3071 989 3135 iacuerunt
1018 3071 1049 3134 in
1075 3070 1236 3152 catalogo:
1270 3073 1306 3131 ut

187 3174 244 3237 etsi
267 3197 378 3239 novem
403 3175 464 3238 iam
490 3176 616 3240 aliunde
638 3177 859 3254 innotuerunt,
882 3181 989 3242 tamen
1011 3181 1074 3241 tres
1097 3176 1185 3261 quasi
1211 3198 1305 3242 novas

187 3283 299 3347 addere
315 3283 407 3346 liceat
423 3282 553 3366 Corpori
569 3283 808 3365 inscriptionum
824 3288 856 3347 et
872 3284 1010 3349 Kaibelii
1025 3283 1175 3368 syllogus.
1201 3283 1306 3348 Facile

187 3395 292 3455 autem
324 3392 458 3455 conicias
488 3391 624 3456 scribam
660 3390 752 3454 huius
784 3391 898 3455 codicis
930 3391 1038 3455 titulos
1067 3392 1233 3473 sumpsisse
1268 3413 1305 3455 ex

188 3496 314 3580 Kyriaci
341 3498 532 3563 Anconitani
556 3499 798 3562 commentariis,
845 3497 931 3573 Quae
959 3498 1140 3563 coniectura
1162 3499 1306 3563 firmatur

188 3675 276 3745 cippis
295 3676 408 3730 Leontis
427 3677 569 3731 cuiusdam
590 3676 728 3747 impositis
752 3675 868 3740 (Simon.
894 3695 936 3747 ep.
958 3681 1016 3742 102,
1044 3677 1222 3731 Kumanudes
1242 3676 1304 3729 Ἆττ,

187 3764 270 3832 ἑπιγρ.
291 3764 356 3818 tuat.
376 3785 403 3820 n.
423 3770 501 3830 2402,
522 3766 614 3834 Sybel,
635 3767 805 3836 Skulpturen
825 3766 854 3819 in
874 3767 965 3822 Athen
985 3785 1012 3821 n.
1034 3763 1104 3831 146),
1122 3769 1216 3822 exstat
1235 3784 1305 3820 mar·

188 3870 248 3907 mor
271 3854 318 3908 ubi
344 3872 427 3924 super
449 3855 592 3910 decretum
616 3857 645 3910 in
670 3856 803 3911 honorem
823 3856 930 3911 Moschi
954 3857 1098 3911 cuiusdam
1115 3857 1219 3923 μόσχου
1239 3874 1306 3911 ana·

187 3944 323 4012 glyphum
344 3945 518 4012 exsculptum
538 3948 581 3999 ost
599 3963 624 3998 v.
645 3945 729 4014 Sybel
749 3947 767 3999 l.
787 3946 805 3999 l.
824 3965 851 3999 n.
871 3948 949 4010 6430,
970 3946 1028 4000 om
1048 3947 1136 4000 1171.

279 4029 303 4095 1)
324 4032 411 4097 Quem
445 4033 688 4103 chronographum
722 4035 795 4088 mala
830 4035 998 4089 contundere
1029 4036 1146 4090 Boidion
1180 4036 1305 4090 Charetis

188 4139 300 4176 uxorem
321 4139 383 4174 cum
404 4121 469 4174 lone
487 4126 571 4191 putat
591 4122 686 4177 Orelli.
