2970 4734
619 384 834 446 „39-

169 563 345 628 Polemonis
361 567 393 626 et
409 561 562 645 Meleagri
578 562 748 644 scripturas
772 558 922 641 explicari
946 580 1034 641 posse
1057 562 1160 632 ratus3
1185 580 1287 641 neque

168 695 241 735 vero
265 670 449 735 deterrimus
473 670 614 752 lapidum
637 671 807 752 scrutator,
831 688 871 730 ne
896 664 996 728 dicam
1021 663 1148 727 Polemo
1173 662 1287 746 στηλο-

169 769 275 851 κόπας
297 772 363 840 ΟΥ
388 799 445 859 pro
469 769 587 857 ΤΟΝ,
615 767 841 838 ΦΑΝΕΡΩΣ
865 794 923 855 pro
948 764 1289 856 FPODOOEle)

169 886 273 967 legere
305 888 438 968 poterat.
486 883 585 946 lrnmo
610 881 888 945 demonstrativum
913 883 959 943 est
983 878 1032 942 vel
1054 879 1158 960 potius
1180 878 1288 941 irriso-

169 994 249 1056 rium
266 993 461 1075 epigramma
484 995 519 1054 ut
535 989 731 1072 epitaphium
751 986 834 1071 quod
849 987 882 1050 in
899 985 1149 1049 Timocreontem
1165 984 1290 1067 scripsit

169 1100 353 1175 Simonides,
378 1102 414 1160 ut
434 1097 632 1180 epitaphium
648 1095 802 1171 Philetae,
827 1098 863 1156 ut
885 1093 985 1156 multa
1002 1092 1290 1156 Alexandrinorum

170 1204 371 1290 poetarum.1)
411 1205 452 1268 Et
475 1204 550 1288 quid
575 1203 689 1267 mirum
711 1201 913 1265 Polemonem
937 1200 1094 1264 interdum
1118 1199 1214 1264 etiam
1236 1200 1289 1262 de·

171 1313 375 1377 monstrativa
399 1312 540 1377 attulisse
564 1310 817 1394 epigrammata?

260 1436 371 1521 Neque
403 1437 461 1501 hoc
496 1438 595 1520 igitur
632 1436 816 1518 inscriptum
847 1457 987 1518 unquam
1020 1432 1115 1497 fuisse
1147 1432 1290 1496 existimo

171 1568 270 1629 neque
301 1545 386 1609 aliud
418 1545 500 1627 quod
534 1566 571 1607 ex
602 1545 709 1608 eodem
742 1544 919 1627 periegetae
943 1541 1049 1606 libello
1071 1539 1168 1603 tradit
1191 1538 1291 1602 Athe-

171 1675 266 1716 naeus
302 1676 332 1736 p.
358 1654 470 1716 alae:
506 1648 664 1728 Πολέμων
695 1645 738 1713 δὲΙ
760 1646 793 1711 ἐν
817 1649 862 1733 τῷ
886 1644 961 1731 περὶ
985 1647 1049 1709 τῶν
1072 1638 1155 1709 κατα
1179 1637 1292 1719 πόλεις

172 1747 428 1844 ἐπιγραμμάτων
468 1753 541 1837 περὶ
575 1749 709 1819 Ἠλείων
744 1753 845 1837 λέγων
880 1750 1104 1838 παρατίθεται
1142 1745 1217 1816 τόδε
1255 1745 1292 1814 τὸ

172 1860 376 1947 ἐπίγραμμα·

315 1985 409 2072 Ἦλις
433 1993 489 2060 καὶ
511 1987 630 2076 μεθύει
656 1992 711 2059 καὶ
735 1987 907 2082 ψεύδεται·
934 1984 1001 2071 οἷος
1025 1984 1163 2057 ἑκάστου

386 2095 483 2179 οἶκος,
509 2095 643 2187 τοιαύτη
668 2100 725 2166 καὶ
748 2094 923 2165 συνάπασα
946 2093 1084 2181 adite&

173 2238 272 2303 lmmo
305 2241 381 2304 haec
414 2240 644 2322 epigrammata
675 2260 776 2322 neque
808 2238 911 2300 minus
943 2236 1074 2301 Diotimi
1105 2235 1293 2319 Alcetaeque

174 2347 386 2411 ebriositatem
409 2347 543 2429 exempli
567 2368 661 2411 causa
682 2346 779 2409 allata
795 2368 859 2409 esse
883 2349 959 2427 puto
983 2343 1197 2420 aPolemone‚
1222 2365 1291 2406 cum

173 2455 210 2518 de
243 2455 439 2537 potatoribus
470 2459 597 2537 ageret,
629 2477 725 2538 quam
756 2455 788 2517 in
814 2453 1038 2536 digressionem
1069 2451 1102 2513 ni
1122 2450 1228 2530 'fallor
1257 2472 1292 2514 eo

173 2563 239 2644 ipso
271 2562 338 2626 loco
370 2562 512 2644 delapsus
544 2567 590 2626 est
621 2585 684 2646 quo
715 2561 898 2626 Arcadionis
929 2560 1058 2623 titulum
1088 2558 1292 2642 sepulcralem

175 2671 367 2732 memoravit.
415 2668 502 2744 Quae
533 2671 559 2732 si
590 2673 673 2734 recte
697 2669 853 2752 disputavi
877 2668 1114 2750 inscriptionem
1138 2666 1171 2729 in
1194 2666 1293 2748 parti-

265 2869 290 2928 ll
310 2866 344 2918 of.
364 2864 492 2932 inprimis
512 2864 597 2916 anth.
616 2863 675 2916 Pal.
697 2863 749 2916 Vll
768 2864 820 2916 329
840 2862 889 2916 ubi
908 2863 1030 2930 Myrtas.
1053 2861 1137 2914 bibax
1156 2860 1294 2928 quaedam

176 2954 288 3018 mulier,
317 2970 374 3006 non
397 2952 448 3006 sub
472 2952 581 3005 tumulo
609 2951 657 3005 sed
682 2951 733 3005 sub
758 2951 828 3005 cado
854 2951 968 3005 condita
987 2967 1045 3004 esse
1070 2950 1194 3019 fingitur.
1231 2949 1294 3003 Non

176 3043 266 3095 minus
280 3041 403 3095 irrisoria
417 3045 482 3095 sunt
501 3040 622 3109 exempli
640 3059 681 3109 gr.
696 3041 819 3095 eiusdem
833 3039 897 3093 libri
918 3043 976 3096 134.
996 3044 1056 3095 223.
1076 3043 1136 3094 294.
1156 3043 1217 3104 353.
1234 3042 1294 3094 455.

176 3135 228 3187 456
246 3132 310 3185 alia.

264 3218 290 3286 2)
311 3221 389 3286 Quod
408 3239 474 3274 num
499 3220 588 3289 lapidi
607 3220 772 3289 inscriptum
791 3221 890 3284 fuerit,
917 3219 977 3289 ipse
997 3219 1105 3274 Heclrer
1124 3219 1296 3272 dubitavisse

176 3312 294 3376 videtur,
315 3312 363 3379 qni
383 3311 410 3364 in
426 3328 524 3364 comni.
538 3310 573 3364 de
586 3310 693 3364 Anthi
714 3329 741 3379 p.
752 3314 786 3364 22
805 3311 874 3365 haec
887 3310 1012 3364 disserit:
1035 3310 1113 3374 „Non
1126 3325 1295 3377 magnopere

176 3401 288 3456 obnitar
307 3402 330 3454 si
350 3401 412 3469 quis
432 3402 501 3454 haec
520 3404 634 3470 propter
648 3404 845 3469 argumentum
864 3399 998 3452 librorum
1015 3399 1170 3452 Polemonis
1190 3416 1224 3452 ex
1237 3398 1296 3466 qui-

177 3491 226 3544 bus
247 3492 332 3545 ducta
351 3495 431 3555 sunt,
458 3508 492 3545 ex
511 3489 606 3560 lapide
625 3490 766 3559 descripta
784 3489 888 3543 habere
907 3489 1002 3552 malit,
1021 3491 1054 3541 ut
1072 3504 1106 3542 ea
1124 3489 1236 3540 tanturn
1256 3486 1297 3538 in·

178 3581 336 3650 scriptionis
355 3584 436 3650 parte
456 3581 500 3633 vel
519 3578 660 3648 particula
677 3597 742 3632 usus
757 3578 794 3632 sit
808 3579 968 3631 Athenaeus
988 3594 1043 3644 qua
1058 3576 1189 3630 Eleorum
1208 3591 1296 3628 mores

178 3669 356 3732 notabantur,
376 3670 485 3738 reliqua
503 3669 637 3724 omiserit.
667 3669 702 3722 Et
721 3668 814 3737 potuit
833 3667 867 3720 iis
886 3666 916 3720 in
929 3666 1112 3734 inscriptione
1131 3683 1188 3718 non
1207 3663 1297 3716 minus

178 3761 260 3827 aptus
281 3775 339 3813 esse
359 3759 436 3812 locus
455 3775 539 3827 quam
559 3758 602 3811 his
616 3757 755 3810 Leonidae
773 3755 898 3810 versibus
912 3756 967 3808 ΑΡ.
979 3754 1030 3806 Vll
1043 3756 1104 3808 654.
1123 3751 1182 3805 Αἶεὶ
1195 3750 1297 3819 ληισταὶ

177 3847 224 3899 καὶ
250 3847 396 3914 ἇλιφθόροι
421 3845 484 3899 οὐδὲ
508 3847 607 3899 δίκαιοι
637 3848 640 3910 ἶ
671 3846 788 3912 Κρῆτες’
824 3844 861 3901 τίς
879 3843 996 3909 Κρητῶν
1015 3840 1071 3893 οἶδε
1090 3837 1294 3907 δικαιοσύνην,·“
1365 3840 1367 3844 ’

179 3936 283 4001 Quibus
309 3935 400 3989 verbis
420 3935 444 3988 si
463 3935 675 3999 assentiremur,
702 3951 758 3987 non
777 3935 909 4001 poterant
928 3949 1022 3985 versus
1041 3931 1070 3983 in
1088 3930 1184 3983 Eliaco
1205 3927 1298 3997 lapide

178 4025 312 4094 insculpti
339 4042 409 4079 ease:
439 4027 469 4078 at
496 4024 607 4078 Polemo
631 4040 677 4077 eos
700 4023 730 4076 in
754 4020 894 4092 particula
920 4037 991 4091 quae
1017 4022 1077 4072 erat
1095 4019 1130 4071 de
1149 4016 1223 4070 Eleis
1242 4032 1298 4069 me·

178 4119 345 4169 moraverat.
