2986 4726
635 357 855 419 ..2]..

184 536 314 600 eandem
339 559 402 600 esse
427 536 464 598 ad
490 553 583 618 quarn
608 535 803 619 epigramma
827 557 921 616 supra
943 539 1113 598 tractatum
1139 534 1235 597 Auth.
1259 534 1305 598 Vl

151 645 153 649 ’
187 642 249 704 135
272 646 409 725 spectat,
434 642 555 726 Lycum
578 642 677 726 igitur
701 663 809 705 revera
833 664 945 705 nornen
970 641 1064 705 fuisse
1089 663 1186 724 equo,
1213 664 1303 724 quem

187 747 304 809 Auram
322 747 474 810 audivisse
490 747 626 810 fabulati
639 751 741 810 essent
753 746 920 822 Corinthii,
936 747 1092 811 sententia
1105 752 1151 810 est
1164 748 1305 830 Bergkii.

185 853 242 917 Cui
266 874 326 937 ego
349 853 477 917 minime
501 854 645 917 accedere
669 875 813 935 possum;
846 854 960 917 etenim
985 854 1039 917 uni
1064 877 1144 936 equo
1168 854 1229 917 duo
1253 877 1306 917 ex·

183 964 302 1024 structa
319 983 383 1024 csse
408 965 611 1024 monumenta
628 958 791 1044 Olympiae
817 960 938 1023 nullam
954 961 1081 1024 omnino
1105 961 1201 1025 habet
1224 961 1305 1024 veri·

184 1066 258 1130 tatis
281 1067 426 1149 speciem.
473 1064 573 1128 immo
598 1065 677 1129 nihil
701 1066 806 1129 obstat
829 1067 905 1149 quin
931 1066 1081 1130 Plridolae
1105 1067 1181 1129 duas
1204 1071 1304 1130 statu·

156 1182 158 1188 '
184 1196 273 1237 amus
296 1195 376 1256 equo
400 1173 555 1250 victorias,
581 1196 676 1236 unam
692 1173 757 1250 illo,
782 1175 832 1236 cui
850 1175 969 1237 Auram
990 1196 1102 1238 nomen
1126 1174 1307 1237 indiderunt

185 1281 350 1345 Corinthii.
376 1280 509 1343 alteram
532 1280 627 1364 Lyco.

273 1386 359 1462 Quae
391 1387 415 1449 si
446 1392 528 1451 recte
561 1387 733 1469 disputavi,
765 1387 932 1450 verisimile
963 1387 1034 1450 inde
1058 1388 1095 1449 fit
1119 1409 1180 1449 non
1205 1387 1306 1468 ipsum

136 1561 139 1565 ,
185 1493 374 1558 Pausaniam
413 1494 607 1576 descripsisse
652 1494 865 1577 epigramma,
908 1494 960 1557 sed
1002 1495 1137 1557 auctoris
1176 1493 1307 1557 alicuius

184 1600 360 1682 exemplum
385 1623 450 1665 esse
473 1605 631 1676 secutum,
663 1601 695 1663 in
720 1623 782 1682 quo
807 1606 861 1663 aut
884 1600 967 1663 illius
991 1606 1046 1663 aut
1070 1600 1191 1663 librarii
1215 1601 1307 1682 culpa

186 1708 290 1772 littera
306 1713 342 1778 Τ
358 1709 530 1772 excidisset.
555 1709 642 1783 Quod
667 1708 725 1771 etsi
749 1729 936 1776 concessero.
962 1709 1031 1772 ideo
1056 1731 1118 1772 non
1142 1709 1175 1771 in
1200 1731 1306 1772 eorum

184 1817 310 1880 turbam
343 1815 465 1880 deferar
497 1816 551 1897 qui
576 1814 763 1878 Pausaniam
789 1815 893 1877 omnia
926 1815 991 1878 fere
1024 1838 1062 1879 ex
1087 1815 1307 1879 vetustioribus

183 1922 387 2005 scriptoribus
417 1922 555 1984 hausisse
586 1944 687 2004 neque
719 1944 755 1984 ea
788 1922 825 1984 de
849 1922 962 2004 quibus
996 1923 1063 2004 agit
1095 1922 1163 1986 loca
1196 1922 1307 1986 vidisse

184 2029 386 2093 contendunt.
424 2028 548 2092 Etenim
574 2029 703 2091 minime
726 2028 841 2090 mirum
865 2032 912 2091 est
939 2064 976 2072 -
997 2050 1098 2110 neque
1113 2051 1305 2112 quemquam

184 2137 260 2219 quin
285 2135 362 2199 haec
386 2135 431 2198 ita
453 2158 485 2199 se
510 2135 673 2211 haberent,
698 2134 842 2198 dubitare
866 2135 1006 2217 oportuit
1031 2171 1070 2178 —-
1095 2135 1121 2197 si
1144 2135 1304 2218 periegeta

185 2263 313 2322 operam
344 2263 407 2304 non
438 2242 523 2305 dedit
554 2246 589 2304 ut
622 2241 744 2304 eosdem
769 2263 874 2304 rursus
897 2246 1146 2323 perscrutaretur
1175 2242 1302 2324 lapides,

185 2348 240 2431 qui
262 2349 327 2412 iam*
349 2349 388 2412 ab
413 2350 481 2413 aliis
512 2354 602 2413 erant
625 2349 790 2430 descripti,
823 2349 875 2412 sed
900 2371 938 2411 ex
962 2349 1030 2412 aliis
1055 2348 1235 2412 auctoribus
1258 2348 1307 2410 in·

184 2455 367 2536 scriptiones
396 2457 517 2538 petivit.
577 2455 620 2518 Ut
651 2456 704 2538 qui
741 2455 832 2518 hodie
863 2444 1069 2540 περιηγήσεις
1104 2454 1306 2537 composituri

182 2567 272 2639 sunt,
303 2563 401 2626 ferme
431 2585 492 2626 non
523 2564 582 2645 ipsi
613 2562 754 2647 singulas
788 2562 1001 2626 aedificiorum
1031 2566 1135 2645 partes
1158 2566 1189 2625 et
1212 2585 1305 2625 orna·

184 2674 289 2733 menta
313 2692 455 2752 quaeque
479 2670 541 2732 alia
565 2671 631 2732 visu
656 2670 752 2752 digna
767 2673 850 2745 sunt,
875 2670 977 2733 denuo
993 2668 1091 2732 lit-cris
1107 2669 1304 2752 consignant,

183 2776 235 2839 scd
259 2798 296 2839 ea
318 2776 420 2840 solum
451 2799 531 2858 quae
563 2777 595 2839 iu
621 2776 795 2839 novissimis
826 2776 862 2838 de
887 2776 935 2838 his
959 2774 1050 2838 rebus
1083 2775 1171 2838 libris
1194 2775 1306 2838 omissa

182 2887 267 2957 sunt,
290 2883 323 2945 iu
348 2884 491 2967 margine
515 2882 681 2960 notabunt,
706 2883 749 2946 sic
774 2883 867 2946 etiam
893 2886 1011 2945 veteres
1035 2882 1210 2965 periegetas
1234 2903 1306 2962 per-

183 2989 282 3052 multa
306 3012 343 3052 ex
360 2989 516 3070 prioribus
533 2989 712 3053 auctoribus
736 2990 901 3071 sumpsisse
921 3011 1019 3072 eaque
1035 2989 1136 3053 obiter
1152 3008 1305 3071 recogno·

185 3096 263 3158 visse
286 3118 321 3158 eo
344 3096 445 3179 magis
468 3096 643 3177 putandum
667 3100 713 3158 est
736 3118 798 3178 quo
822 3095 925 3158 miuus
949 3095 1011 3158 illis
1035 3095 1179 3159 dedecori
1202 3099 1304 3158 verte·

184 3204 275 3266 batur
298 3202 375 3265 alios
391 3203 556 3283 scriptores
579 3202 627 3266 vel
644 3204 738 3266 verbo
755 3206 845 3266 tenus
861 3204 1045 3267 exscribere.
1082 3200 1182 3276 Quam
1200 3205 1305 3265 autern

182 3309 266 3372 viam
290 3331 327 3373 ac
351 3309 504 3373 rationem
530 3310 562 3372 in
586 3311 808 3392 componendis
824 3309 912 3373 libris
931 3311 1100 3373 Pausanias
1125 3309 1305 3373 adhibuerit

183 3436 220 3478 ex
244 3414 312 3478 loco
336 3415 484 3500 colligere
507 3438 671 3498 possumus
702 3416 755 3480 ubi
779 3417 816 3479 de
840 3415 955 3501 Cydias
978 3421 1065 3481 scuto
1089 3416 1211 3480 disserit
1235 3417 1302 3497 (10.

183 3522 235 3583 21.
262 3524 306 3603 5).
354 3520 582 3586 Memoraverat
613 3524 723 3584 auctor
746 3544 839 3604 quern
863 3522 1024 3605 periegeta
1047 3523 1207 3605 sequitur,
1239 3523 1304 3605 epi-

182 3648 326 3710 gramma
350 3627 465 3713 Cydiae
488 3629 589 3711 clipeo
613 3629 798 3710 inscriptum
822 3629 877 3711 qui
902 3633 981 3691 esset
1004 3629 1035 3690 in
1060 3627 1148 3692 Jovis
1172 3629 1303 3694 Libera·

182 3736 259 3798 toris
289 3735 407 3816 templo
434 3735 636 3811 Atheniensi;
666 3735 709 3798 ibi
745 3756 816 3797 cnm
842 3734 1010 3796 Pausanias
1042 3756 1144 3816 neque
1168 3733 1303 3817 clipeum

184 3862 283 3927 neque
300 3843 494 3924 epigramma
507 3843 685 3912 invenisset,
704 3863 839 3924 quonam
853 3846 992 3923 ternpore
1008 3841 1061 3905 ille
1073 3841 1215 3905 sublatus
1226 3847 1304 3905 esset

182 3947 336 4030 quaesivit
359 3953 390 4012 et
413 3971 492 4031 quae
516 3949 694 4031 quaerendo
718 3952 919 4029 compererat,
945 3948 1041 4011 decis
1066 3947 1197 4012 rettulit.
1234 3947 1302 4022 Quo

183 4054 325 4135 exemplo
357 4058 424 4118 tota
455 4077 549 4136 quarn
581 4055 760 4118 adhibuerit
788 4056 869 4119 ratio
893 4055 1045 4120 illustrari
1069 4056 1144 4119 mihi
1171 4055 1302 4119 videtur.

182 4159 241 4223 Sed
258 4159 382 4243 longius
398 4161 429 4223 id
446 4162 589 4244 persequi
607 4162 665 4225 boc
681 4161 807 4244 quidem
823 4162 890 4226 loco
906 4162 1166 4246 supersedendum
1184 4164 1300 4226 censui.
