2970 4734
644 357 841 421 ..4.„

182 532 294 598 onibus
326 533 512 600 Simonideis
545 533 617 614 (Rh.
644 536 723 600 Mus.
749 538 789 599 28
822 560 852 618 p.
878 537 1068 617 436—460)
1099 538 1204 600 omnia
1236 536 1301 600 fere

181 663 262 723 quae
294 640 462 705 Simonidis
494 663 559 717 esse
594 646 651 732 put
637 642 782 706 tabamus
819 643 1047 727 epigrammata
1014 645 1160 708 thuic
1192 649 1302 726 poetae

181 748 306 832 eripuit.
346 748 484 824 Quorum
508 772 562 817 sen
565 750 681 813 tentiae
705 758 779 813 cum
801 772 864 812 non
888 752 974 813 omni
998 773 1037 814 ex
1052 755 1123 832 part
1125 773 1140 814 e
1110 751 1300 814 taccedere

180 856 305 938 possim
330 878 471 939 eaquae
495 841 586 920 aliter
609 838 720 934 sentio
745 857 851 939 paucis
875 879 1041 939 exponam

269 962 316 1026 Ac
354 962 491 1044 primum
530 962 662 1046 quidem
695 962 777 1026 haud
816 961 892 1026 levis
925 986 999 1027 sane
1036 965 1187 1027 momenti
1162 936 1300 1026 thrihi

181 1073 290 1152 quaest
291 1070 321 1132 io
276 1068 430 1133 tridet
417 1074 469 1132 tur
493 1091 556 1133 esse
580 1070 617 1133 de
641 1070 742 1160 prima
758 1068 927 1133 Simonidis
949 1071 1212 1153 epigrammatum
1237 1068 1301 1133 col-

180 1176 323 1240 1111111111.
370 1175 438 1250 Qua
461 1176 499 1239 de
522 1198 556 1240 11
580 1176 730 1239 disserens
754 1154 868 1240 Kaibel
892 1176 973 1240 hauc
1003 1177 1151 1260 proponit
1169 1178 1374 1240 1111111·

180 1281 354 1365 turpem(
372 1281 934 1365 453111111111111111111111
961 1283 994 1363 9)
1020 1282 1212 1347 Archedioae
1235 1285 1300 1364 epi-

180 1390 324 1472 taphium
348 1391 444 1472 (epl
429 1390 489 1452 111
515 1388 613 1471 ng.)
638 1387 791 1452 Simonidi
820 1389 957 1465 tribuat,
992 1394 1065 1451 cont
1067 1412 1101 1452 ra
1133 1391 1187 1472 qui
1218 1390 1299 1452 idem

181 1496 273 1560 affert
300 1496 498 1581 Thucydides
531 1498 573 1573 (d.
612 1495 669 1578 59)
700 1499 803 1558 taceat
833 1496 870 1558 de
903 1501 1011 1578 poeta,
1045 1495 1137 1558 huius
1168 1495 1299 1558 forsitan

180 1607 282 1666 aetate
314 1603 543 1686 epigrammata
574 1606 684 1684 poetae
719 1603 857 1666 nondum
893 1602 987 1666 fuisse
1023 1604 1169 1679 collecta,
1205 1605 1300 1668 fuisse

181 1709 358 1792 philosophi
391 1710 594 1791 temporibus,
642 1710 709 1784 Qua
740 1711 772 1772 in
806 1733 839 1774 re
864 1710 922 1773 hoc
953 1715 1035 1774 recte
1065 1713 1221 1794 perspexit
1254 1714 1300 1774 vir

181 1816 377 1879 doctissimus
393 1816 546 1880 exstitisse
570 1821 683 1899 quarto
705 1814 823 1879 111111,
842 1817 1012 1880 assecuto
1037 1817 1299 1900 epigrammatum

181 1921 350 1986 Simonidis
384 1922 540 2006 syllogen:
575 1922 691 1985 etenim
727 1944 789 2005 quo
824 1922 886 1986 alio
922 1927 1048 1986 auctore
1085 1924 1142 1986 niti
1176 1928 1299 2006 poterat

183 2028 367 2092 Aristoteles
390 2051 485 2111 quem
509 2050 571 2091 non
596 2029 695 2092 solere
717 2028 917 2110 inexplorata
946 2051 1003 2110 pro
1031 2030 1198 2111 compertis
1225 2052 1300 2092 ven-

180 2137 251 2199 dere
273 2157 328 2198 suo
352 2135 419 2199 iure
444 2140 516 2198 cont
503 2135 604 2199 tendit
621 2134 784 2215 Kaibele1)
822 2135 881 2200 Sed
899 2136 980 2218 quod
997 2159 1053 2218 pos
1054 2136 1299 2220 tThucydidem
1403 2219 1406 2223 Ι

181 2244 261 2306 hanc
285 2242 405 2306 1111111
383 2247 500 2306 tronem
524 2242 589 2306 fact
575 2246 639 2305 tam
664 2265 728 2306 esse
751 2246 851 2324 putat
829 2241 967 2305 11111
959 2265 992 2304 111
1016 2264 1049 2305 11
1071 2242 1162 2304 sibi
1154 2264 1220 2324 ipse
1244 2244 1300 2306 ob-

181 2350 267 2434 loqui
292 2349 369 2413 mihi
395 2349 525 2413 videtur.
566 2347 643 2412 Cum
660 2351 742 2412 enim
768 2348 937 2412 rectissime
960 2349 993 2410 in
1010 2349 1124 2412 eisdem
1142 2351 1299 2431 quaestio-

181 2454 279 2524 nibus
290 2458 335 2538 (p.
352 2458 428 2532 436)
454 2456 582 2520 minime
604 2457 834 2539 neglegendum
851 2480 914 2520 esse
931 2457 1122 2539 demonstret
1138 2480 1299 2540 nunquam
1388 2502 1389 2505 ,

181 2568 290 2648 poetae
314 2586 428 2627 nomen
452 2564 484 2625 iu
501 2563 605 2645 lapide
629 2562 723 2627 fuisse
747 2564 947 2647 adscriptum,
973 2587 991 2626 a
1015 2586 1151 2647 quonam
1174 2564 1298 2626 homine

180 2675 211 2734 et
234 2693 296 2754 quo
320 2671 411 2734 modo
432 2672 633 2753 septuaginta
657 2670 704 2733 vel
721 2670 863 2752 pluribus
881 2671 973 2734 etiam
990 2672 1080 2734 annis
1105 2676 1174 2753 post
1189 2675 1299 2753 poetae

181 2782 313 2841 mortem
337 2776 467 2841 collecta
492 2799 556 2839 esse
587 2777 815 2860 epigrammata
842 2778 947 2841 animo
970 2778 1029 2841 sibi
1054 2778 1200 2860 effingit?
1248 2778 1297 2840 An

181 2885 271 2948 initio
302 2885 406 2967 quarti
436 2908 464 2948 a.
490 2884 564 2948 Chr.
597 2883 712 2948 saeculi
745 2884 988 2967 grammaticum
1019 2885 1174 2967 quendam
1199 2889 1297 2947 totam

181 2990 344 3055 Graeciam
376 3013 476 3074 neque
509 2990 673 3055 Graeciam
705 2991 804 3054 solam
832 2992 1034 3074 perlustrasse
1068 2996 1232 3073 putamus,
1265 2996 1299 3053 ut

180 3120 263 3161 nuuc
281 3096 442 3180 Lampsaci
461 3120 544 3160 nunc
561 3096 696 3160 Plataeis
711 3097 819 3161 titulos
837 3098 1031 3174 describeret,
1056 3099 1147 3161 modo
1166 3098 1298 3161 Athenis

181 3205 271 3267 modo
303 3205 342 3267 ad
365 3203 593 3288 Thermopylas
626 3204 717 3267 modo
740 3204 904 3288 Olympiae
936 3208 1183 3288 perscrutaretur
1214 3227 1297 3266 mar-

180 3310 292 3375 mora?
340 3310 438 3396 quue
470 3316 505 3374 ut
537 3311 593 3374 illa
621 3316 722 3374 aetate
753 3312 872 3375 factum
897 3333 961 3375 esse
984 3311 1231 3375 existimaremus
1258 3347 1294 3354 —

180 3420 324 3503 equidem
340 3420 424 3482 enim
441 3419 570 3481 minime
586 3419 748 3500 probabile
769 3419 829 3482 hoc
845 3442 909 3483 esse
926 3420 1004 3481 duco
1026 3455 1073 3493 -ψ,
1098 3418 1178 3480 unde
1195 3417 1298 3499 potuit

180 3526 237 3590 iste
269 3526 428 3609 periegeta
459 3525 628 3590 Simonidis
659 3548 771 3589 nomen
808 3547 915 3588 eruere
949 3547 1011 3586 nou
1044 3523 1233 3605 insculptum
1264 3525 1295 3587 iu

179 3634 413 3698 monumentis?
453 3632 554 3708 Unde,
578 3654 704 3716 quaero,
728 3633 787 3695 nisi
811 3654 848 3695 ex
865 3630 1040 3695 accolarum
1065 3653 1118 3694 ore
1141 3631 1194 3713 qui
1212 3630 1297 3693 fama

180 3744 210 3802 et
242 3740 400 3804 auditione
436 3764 454 3803 a
484 3741 652 3804 maioribus
683 3743 891 3822 acceperant?
946 3738 1039 3801 Hunc
1074 3741 1177 3800 autem
1208 3737 1296 3820 quasi

271 3898 294 3963 1)
271 3900 354 3952 lEx
367 3899 500 3952 historico
519 3900 640 3968 quodam
660 3900 784 3954 hausisse
800 3900 892 3953 Aristo
864 3901 978 3962 11111111
999 3902 1059 3952 toto
1078 3898 1127 3950 illo
1147 3899 1205 3951 loco
1225 3899 1295 3951 refu-

179 3994 312 4044 ta.tur
333 3988 462 4042 Ceterum
482 3988 579 4042 eadem
599 3989 762 4042 collectione
782 4007 846 4041 usus
865 4007 893 4043 es
896 4007 923 4042 se
943 3989 1019 4042 videt
1009 3993 1054 4040 tur
1073 3992 1170 4041 auctor
1189 4004 1220 4040 ex
1241 4004 1295 4053 quo

180 4079 276 4131 Pollux
297 4095 339 4146 ep.
359 4096 385 4130 n.
401 4080 451 4130 130
469 4076 565 4128 tradit
