2970 4734
270 1466 347 1530 Cum
379 1467 595 1548 inscriptiones
626 1487 757 1549 graecae
790 1466 937 1530 metricae
969 1487 1048 1548 quae
1079 1465 1112 1527 in
1141 1463 1298 1546 lapidibus

182 1578 304 1637 exstant
317 1572 455 1637 Kaibelii
472 1594 565 1654 opera
581 1573 708 1655 egregie
724 1577 889 1654 congestae
905 1576 999 1655 atque
1015 1572 1181 1654 dispositae
1193 1570 1301 1654 sinu),

183 1703 289 1743 earum
314 1704 394 1763 quae
417 1680 572 1763 dispersae
597 1684 765 1743 occurrunt
788 1680 821 1742 in
837 1684 977 1743 veterum
998 1679 1186 1762 scriptorum
1203 1678 1300 1757 libna,

184 1809 262 1869 quae
286 1787 411 1870 quidem
434 1787 519 1850 haud
543 1787 672 1850 minoris
695 1808 770 1849 sane
793 1791 866 1849 sunt
889 1788 1054 1864 momenti,
1088 1787 1177 1850 nulla
1200 1787 1302 1850 adhuc

183 1893 276 1974 plena
292 1898 386 1976 atque
402 1894 527 1976 integra
539 1898 667 1975 praesto
685 1897 730 1956 est
745 1893 888 1957 collectio
905 1897 936 1957 et
951 1894 1050 1958 sicubi
1067 1916 1104 1957 ex
1124 1899 1214 1976 parte
1229 1897 1303 1956 sunt

183 2000 345 2078 collectae,
378 2000 495 2065 mixtae
527 2001 677 2084 leguntur
708 2023 778 2063 cum
812 2001 1049 2064 demonstrativi
1081 2001 1204 2083 generis
1235 2000 1301 2083 epi·

184 2108 367 2187 grammatis
384 2130 464 2190 quae
481 2130 642 2190 nunquam
659 2108 868 2170 marmoribus
885 2107 1041 2188 insculpta
1057 2111 1155 2169 erunt
1199 2107 1302 2189 Atque

184 2213 417 2277 Morhofium
441 2214 586 2277 habuisse
610 2214 768 2297 quondam
797 2215 829 2276 in
859 2215 964 2276 animo
995 2237 1058 2276 non
1090 2214 1190 2277 solum
1222 2235 1302 2296 quae

181 2319 320 2382 versibus
343 2319 480 2384 inclusae
505 2325 606 2384 essent
630 2321 848 2402 inscriptiones
876 2321 927 2384 sed
959 2321 1053 2384 etiarn
1077 2320 1213 2402 pedestri
1236 2342 1302 2384 ser-

180 2447 271 2488 mone
302 2426 433 2509 scriptas
469 2427 613 2491 omnibus
649 2449 686 2490 ex
722 2428 901 2491 auctoribus
934 2429 1117 2510 conquirere
1153 2437 1184 2490 et
1219 2428 1301 2490 idem

180 2537 283 2596 mente
315 2534 450 2615 agitasse
475 2533 691 2596 lleinesium
721 2539 831 2596 narrat
854 2533 999 2596 Maffeius
1026 2534 1060 2596 in
1083 2533 1161 2596 Arte
1193 2534 1301 2596 critica

179 2640 331 2722 lapidaria
356 2662 384 2721 p.
406 2642 456 2716 11,
480 2641 530 2702 sed
556 2645 724 2724 utrumque
748 2640 851 2704 nescio
875 2663 938 2723 qua
962 2663 995 2703 re
1011 2640 1196 2721 impeditum
1219 2640 1299 2702 nihil

179 2747 296 2828 publici
320 2746 396 2808 iuris
420 2746 537 2809 fecisse.
585 2746 697 2830 Neque
721 2746 830 2809 melius
862 2748 921 2828 ipsi
946 2745 1117 2828 Scipioni
1141 2746 1301 2810 Maffcio
1393 2776 1395 2781 ·

176 2843 269 2916 ‘cessit
293 2853 347 2936 qui
371 2854 573 2936 septuaginta
605 2855 809 2935 scriptoribus
843 2854 925 2917 hunc
959 2854 996 2916 ad
1030 2854 1125 2916 finem
1157 2853 1301 2936 perlectis

180 2966 279 3024 morte
302 2964 472 3042 occupatus
496 2964 556 3037 est,
587 2960 666 3023 nihil
691 2966 727 3023 ut
750 2961 894 3024 ederetur
916 2961 976 3024 nisi
1001 2961 1214 3044 fragmentum
1238 2962 1300 3025 dis-

179 3067 376 3142 sertationis,
408 3089 503 3149 quam
536 3072 753 3148 composuerat
790 3069 844 3144 „de
876 3068 1131 3150 inscriptionibus
1163 3071 1298 3151 quaein

181 3172 371 3236 Graecorum
404 3172 493 3235 libris
526 3172 711 3249 feruntur“‚
743 3175 895 3236 insertum
928 3175 993 3237 eius
1025 3174 1062 3236 dc
1095 3179 1161 3237 arte
1192 3175 1300 3238 critica

179 3281 332 3361 lapidaria
356 3280 462 3343 libello
486 3303 516 3362 p.
537 3282 676 3344 11-33.
720 3280 787 3356 Quo
811 3281 843 3343 in
868 3281 1057 3362 fragmento,
1082 3282 1164 3364 quod
1189 3304 1300 3364 parum

181 3387 254 3450 viris
278 3387 376 3449 doctis
393 3387 564 3449 innotuisse
581 3388 711 3464 videtur,
730 3391 862 3468 apparet
878 3387 1062 3450 admirabile
1079 3388 1138 3450 viri
1154 3410 1298 3451 acumen:

271 3604 295 3663 1)
315 3600 528 3668 Epigrammata
542 3599 648 3652 Graeca
667 3616 700 3652 ex
714 3600 856 3667 lapidibus
876 3600 1002 3652 conlecta
1021 3601 1063 3654 ed.
1083 3601 1190 3663 Kaibel‚
1211 3602 1299 3656 Berol.

184 3691 265 3749 187&
295 3688 403 3742 accedit
428 3689 654 3756 supplementum
680 3689 708 3741 in
735 3689 804 3742 Mus.
830 3689 918 3741 Rhen.
939 3692 973 3742 34
1003 3707 1029 3756 p.
1052 3692 1198 3742 lsi-213.
1236 3690 1299 3758 Epi·

181 3780 371 3844 grammatum
396 3782 459 3845 post
483 3777 601 3830 Kaibelii
632 3778 760 3846 syllogen
784 3782 924 3832 erutorum
952 3795 1075 3845 eaquae
1100 3779 1299 3833 vetustioribus

180 3863 353 3932 temporibus
372 3883 458 3932 usque
479 3866 514 3917 ad
534 3866 655 3919 medium
675 3867 794 3920 alterum
815 3885 840 3920 a.
855 3867 916 3920 Chr.
938 3868 1078 3921 saeculum
1095 3868 1297 3932 adscribuntur,

73 3996 77 4001 ,
180 3951 296 4019 collegit
323 3952 424 4005 Allen
450 3953 479 4005 in
512 3952 616 4015 „Greek
640 3954 827 4007 versification
855 3956 885 4007 of
907 3955 1101 4024 inscriptions“
1130 3953 1243 4024 (Papers
1271 3957 1302 4009 of

180 4040 229 4092 the
249 4041 396 4094 American
417 4043 510 4095 school
531 4043 558 4094 ol
578 4042 671 4095 Athen
691 4043 728 4095 lV
751 4045 817 4096 1888
838 4063 863 4111 p.
880 4046 1038 4108 174-204).

1072 4138 1083 4184 1
