2970 4734
632 337 850 398 ..34-..

181 513 300 576 scholio
324 511 460 576 efficitur
483 535 578 596 quam
602 513 712 596 quinto
729 538 758 598 p.
777 513 851 577 Chr.
868 537 898 577 n.
916 515 1040 578 saeculo
1063 515 1183 578 codices
1207 515 1302 581 fuisse

182 621 332 703 quosdam
357 620 506 697 Platonis,
534 620 565 682 in
590 621 703 703 quibus
726 622 845 703 primus
870 643 975 684 versus
999 627 1078 685 esset
1100 624 1232 686 omissus
1255 623 1302 686 id·
1362 701 1365 705 ,

182 751 242 811 quc
275 728 382 790 eadem
412 727 542 790 fortasse
574 750 612 790 ex
643 750 736 791 causa
767 751 830 811 qua
854 727 997 791 Schmidt
1029 751 1100 791 eum
1128 729 1302 792 eiciendum

182 838 295 898 censet.
332 834 517 916 Antiquitus
532 857 606 898 vero
622 835 826 900 tetrastichon
851 837 883 898 in
901 835 1080 918 philosophi
1097 835 1184 900 libris
1207 836 1303 901 fuisse

182 941 320 1004 existunt
331 945 424 1005 testes
436 941 669 1023 locupletissimi
680 965 686 1006 :
699 941 859 1026 Meleager
871 944 954 1006 enim
967 948 999 1006 et
1011 942 1195 1019 Favorinus
1208 965 1303 1027 quem

182 1049 370 1112 tricesimam
395 1049 561 1131 septimam
585 1071 623 1112 ex
639 1048 768 1113 Dioueis
792 1049 985 1114 orationibus
1008 1050 1224 1132 conscripsisse
1247 1072 1303 1114 vo·

182 1157 269 1235 lunt,
302 1156 434 1220 Platone
465 1179 577 1239 nempe
611 1162 737 1221 auctore
770 1158 818 1220 usi
841 1161 990 1240 quattuor
1015 1179 1118 1220 versus
1138 1157 1301 1222 exhibent.

182 1264 271 1327 Licet
295 1265 393 1346 igitur
417 1264 496 1347 cycli
520 1263 623 1346 figura
647 1263 761 1326 clarius
785 1268 864 1326 esset
888 1284 1031 1344 expressa
1059 1263 1084 1326 si
1109 1264 1304 1346 epigramma

183 1376 340 1436 constaret
363 1394 400 1434 ex
423 1371 558 1435 secundo
582 1371 693 1454 quinto
716 1375 802 1434 sexto
826 1392 926 1447 versu,
951 1375 1055 1433 tamen
1080 1371 1304 1453 grammaticae

183 1480 269 1563 leges
300 1480 428 1542 minime
464 1480 592 1543 obstant
627 1479 794 1561 quominus
825 1478 932 1541 ordine
963 1500 1107 1541 versuum
1138 1479 1304 1543 immutato

184 1586 228 1664 (6.
254 1588 283 1650 5.
309 1587 342 1668 2)
374 1586 469 1648 etiam
501 1584 637 1666 primum
669 1606 790 1647 versum
822 1584 1065 1665 subiungamus;
1097 1607 1200 1667 neque
1228 1607 1303 1647 num

183 1692 344 1774 eleganter
355 1691 520 1767 diceretur,
534 1690 584 1753 sed
599 1712 674 1751 num
688 1712 743 1771 per
754 1688 900 1772 loquendi
914 1712 1003 1752 usum
1013 1690 1115 1754 dicere
1125 1690 1241 1769 liceret,
1256 1714 1304 1755 re·

182 1797 357 1880 spiciebant
379 1797 433 1879 qui
456 1797 487 1859 id
511 1817 610 1879 genus
634 1797 719 1859 lusus
743 1798 975 1880 excogitabant.
1024 1796 1124 1861 Immo
1148 1797 1240 1862 Plato
1263 1800 1303 1864 ob

184 1927 253 1968 eam
273 1904 374 1985 ipsam
391 1925 456 1966 rem
473 1904 669 1985 epigramma
685 1903 825 1967 attulisse
842 1905 965 1967 videtur
986 1906 1068 1988 quod
1084 1906 1116 1968 in
1134 1926 1170 1969 eo
1186 1905 1305 1988 primus

184 2034 289 2076 versus
319 2012 401 2075 idem
433 2011 509 2074 dicit
537 2011 620 2093 quod
650 2010 778 2074 ultimus
810 2006 962 2091 (Midam
991 2003 1048 2071 ἐπί
1072 2002 1215 2096 σήματι
1238 2015 1303 2073 κεῖ-

184 2141 243 2197 μαι
260 2157 302 2162 --
320 2112 431 2200 Μίδης
448 2109 497 2179 ὅτι
513 2115 605 2201 τῇδε
620 2115 824 2178 τέθαπται
849 2118 889 2182 cf.
907 2117 1076 2200 Philoponi
1093 2119 1196 2182 locum
1212 2140 1302 2202 quern

184 2228 267 2290 inter
289 2225 468 2289 testimonia
492 2224 627 2307 recepi),
653 2225 712 2288 hoc
736 2225 818 2288 enim
842 2225 908 2307 ipse
932 2224 1164 2305 reprehendit
1154 2248 1188 2288 ιιι
1212 2224 1306 2308 Lysia

187 2336 231 2416 (p.
247 2334 312 2396 264
325 2333 367 2395 A:
385 2321 553 2413 ίίρχεται
532 2334 590 2414 αφ
608 2315 651 2392 οἷν
664 2327 873 2408 πεπαυμένος
886 2322 925 2390 dv
937 2320 1028 2415 ἥδρο
1042 2324 1178 2417 ἕραστης
1193 2327 1305 2412 λέγοι).

275 2474 391 2550 Quodsi
422 2475 469 2536 his
501 2475 648 2556 expositis
676 2479 826 2558 quattuor
853 2496 958 2537 versus
981 2474 1120 2557 genuina
1147 2474 1306 2557 epigram-

188 2580 280 2643 matis
303 2579 405 2643 forma
428 2580 666 2661 comprehendit
694 2582 734 2644 ah
759 2604 856 2664 eaque
880 2581 959 2644 afuit
983 2581 1115 2645 alterum
1139 2579 1305 2652 distichon,

187 2709 225 2749 ne
258 2687 365 2750 licebit
395 2687 521 2770 quidem
553 2686 702 2752 Cleobulo
734 2687 847 2752 Lindio
877 2711 1002 2752 carmen
1031 2687 1221 2764 adscribere,
1255 2687 1305 2750 cui

187 2793 336 2856 adscribit
360 2791 518 2876 Diogenes
535 2793 678 2857 Laertius
702 2795 888 2858 documento
909 2817 981 2858 usus
1002 2795 1086 2858 hisce
1101 2793 1241 2858 versibus
1257 2791 1306 2857 si-

188 2901 339 2965 monideis
362 2900 458 2984 frgmp.
484 2903 524 2965 57
549 2900 651 2985 Egla:

235 3036 294 3116 Τίς
317 3063 371 3104 κεν
394 3033 535 3128 αἰνήσειε
558 3034 621 3124 νόιμ
645 3037 780 3117 πίσυνος
805 3038 931 3104 Λίνδου
955 3043 1072 3105 ναέταν
1096 3035 1314 3123 Κλεόβουλον.

233 3138 362 3222 οἷενοίοις
385 3150 548 3227 ποταμοῖς
571 3138 691 3212 ίίνθεσί
712 3154 740 3210 τ’
766 3143 951 3231 εἰαρινοῖσιν

233 3245 340 3317 οίελίον
363 3275 398 3317 τε
422 3250 517 3338 φλογί
541 3255 657 3340 χρυσέᾳ
680 3255 821 3338 λιπαρᾶς
844 3279 878 3320 τε
903 3251 1038 3332 σελάνας

233 3356 288 3422 καί
313 3355 553 3423 θαλασσαίαισι
577 3356 681 3437 δίναις
705 3354 799 3425 οἷντία
824 3360 927 3425 θέντα
950 3362 1046 3442 μένος
1069 3354 1209 3439 στάλας;

191 3470 209 3532 5
234 3458 366 3528 ἅπαντα
390 3458 450 3548 γάρ
474 3463 542 3529 ἐστι
568 3467 657 3530 θεῶν
680 3461 785 3554 ἥσσω·
811 3465 907 3531 λίθον
931 3468 967 3532 δὲ

234 3568 289 3633 καί
312 3563 439 3654 βρότεοι
463 3563 614 3653 παλάμαι
640 3566 813 3657 θραύοντι·
849 3577 957 3657 μωροῦ
982 3570 1093 3660 φωτὸς
1116 3569 1175 3639 dide
1197 3568 1310 3655 βουλό.

190 3715 266 3779 Inde
297 3718 427 3781 dubium
451 3741 515 3783 esse
549 3741 611 3782 non
636 3724 753 3802 potest,
787 3720 861 3802 quin
888 3719 1054 3783 Cleobulus
1077 3720 1196 3798 verbis,
1229 3741 1311 3802 quae

189 3823 372 3905 perstrinxit
403 3824 595 3902 Simonides,
628 3825 788 3889 cuiusdam
821 3826 956 3889 hominis
988 3828 1114 3909 cippum
1139 3830 1188 3889 tot
1210 3848 1310 3890 anrros

190 3930 374 3992 duraturum
406 3933 658 4012 pronuntiaverit
693 3937 770 4014 quot
802 3955 948 3996 mansura
983 3938 1084 3996 essent
1112 3932 1244 3997 fiumina
1279 3937 1312 3996 et

190 4035 326 4116 plantae,
351 4037 397 4099 sol
421 4042 452 4100 et
472 4037 547 4100 luna
570 4038 725 4121 marisque
748 4037 899 4101 turbines.
936 4037 1044 4101 Simile
1068 4039 1217 4120 quiddam
1240 4036 1309 4102 lau·
