2970 4734
752 357 973 418 ...24-

301 534 422 587 tumulte
447 533 585 602 effreyent
611 533 644 587 de
665 534 692 586 le
711 533 855 595 bcteille“,
876 534 922 587 ubi
942 533 973 584 ἐκ
993 534 1086 587 omitti
1106 552 1161 588 non
1182 538 1308 603 poteret;
1339 536 1423 604 Soph.

302 623 367 676 Ant.
388 625 455 675 1162
484 623 580 688 σῴζειν
604 622 680 672 πόλιν
705 621 815 688 ε’χθρῶν
840 640 922 690 quem
947 624 1038 677 locum
1057 624 1139 677 effert
1158 623 1246 688 Weil,
1273 625 1423 678 vertendus

302 716 345 765 est
361 711 469 765 ‘urbem
489 729 599 766 servare
618 711 654 764 eb
674 711 807 765 hostibus’
828 730 918 779 neque
936 730 1000 766 vero
1017 713 1063 766 ‘ex
1083 713 1204 766 hostium
1224 712 1336 775 turbe'),
1355 733 1383 777 μ.
1400 713 1423 763 θ’
1465 732 1466 735 “

303 799 390 865 ἅρεως
410 798 501 851 τεκαὶ
521 800 631 864 αἵματος
650 800 724 853 Weil
744 800 772 853 in
793 801 884 855 altera
903 801 1037 854 orationis
1050 801 1181 864 editione,
1200 800 1381 867 μαρναμένοιν
1400 802 1423 852 θ’

303 887 397 953 ἀρετῆς
423 887 469 937 καὶ
489 887 612 952 δείματος
637 888 731 951 Bless,
759 889 898 953 μαιόμενοι
925 890 948 940 δ’
968 889 1063 956 ἀρετῆς
1083 890 1252 955 ἰσοδαίμονος
1277 890 1368 958 Bergk
1395 891 1424 943 in

302 977 439 1046 prioribus
459 977 638 1040 editionibus,
657 995 730 1031 nuuc
751 979 873 1044 genuine
893 996 921 1031 se
940 978 1025 1031 verbu
1044 977 1173 1046 expedire
1193 995 1246 1031 nou
1261 995 1341 1046 posse
1361 995 1424 1030 eon·

303 1070 411 1130 litetur,
435 1067 599 1134 μνησάμενοι
619 1068 642 1117 θ’
663 1067 758 1133 ἀρετῆς
776 1067 822 1119 καὶ
842 1067 958 1133 λήματος
979 1069 1098 1133 Passow,
1119 1067 1238 1121 Karsten
1258 1065 1329 1132 (coll.
1350 1067 1376 1119 N
1390 1070 1424 1120 48

302 1157 386 1223 ἀλκῆς
403 1155 585 1222 μνησαμένω),
605 1155 747 1221 ἀρνύμενοι
766 1157 789 1207 δ’
803 1155 900 1223 ἀρετὴν
914 1157 975 1222 δίχα
990 1157 1116 1222 δαίμονος
1131 1157 1261 1224 Berneys,
1282 1155 1425 1222 ἀρνύμενοι

295 1248 326 1302 ,θ’
341 1244 437 1313 ἀρετὴν
451 1244 482 1295 εἰι
499 1246 623 1311 χείματος
643 1246 687 1299 vel
700 1245 821 1310 πήματος
836 1246 974 1299 Duentzer
992 1242 1000 1299 i
1019 1262 1046 1298 v.
1059 1247 1086 1300 4.
1105 1245 1212 1313 βράβην
1226 1245 1313 1306 codd,
1333 1246 1425 1313 βραβῆ

304 1335 455 1389 Schneider
481 1352 543 1387 oum
567 1334 672 1401 βράβης
698 1351 747 1402 pro
770 1334 889 1402 βραβεύς
911 1351 1048 1402 nusquam
1067 1338 1167 1389 exstet.
1206 1335 1245 1388 De
1265 1337 1425 1390 accusativo

303 1427 447 1477 contracto
467 1443 492 1477 v.
513 1423 544 1477 G.
563 1424 659 1491 Meyer
677 1443 719 1492 gr.
739 1421 875 1477 eramm.2
895 1422 980 1488 5332.
1000 1421 1008 1472 il
1027 1440 1054 1476 v.
1067 1426 1086 1476 5
1099 1440 1127 1476 u.
1141 1426 1168 1478 6.
1201 1424 1325 1479 Tertium
1346 1424 1426 1478 disti-

303 1513 385 1566 chum
411 1513 532 1566 seoundo
558 1513 706 1580 praeponit
726 1512 860 1566 Ribbeck.
880 1514 887 1562 i
906 1514 938 1565 v.
953 1515 980 1566 5.
1018 1511 1097 1578 ζυγὸν
1116 1512 1207 1578 αὐχένι
1227 1512 1317 1570 θέντες
1337 1513 1425 1576 codd,

304 1603 377 1670 quod
397 1602 473 1654 haud
493 1602 575 1656 facile
603 1619 641 1664 ,se
660 1602 726 1671 iugo
745 1602 868 1655 subdere'
891 1602 1048 1670 significare
1068 1602 1169 1670 possit,
1195 1602 1243 1655 sed
1261 1602 1355 1670 potius
1375 1601 1425 1654 elii

303 1693 400 1759 iugum
414 1691 564 1758 imponere.
595 1690 628 1743 of.
646 1691 765 1743 Alcaeus
781 1693 851 1759 App.
867 1691 973 1745 Pleno
993 1689 1072 1757 ζυγὸν
1086 1690 1176 1758 αὐχένι
1191 1690 1294 1756 θήσων,
1314 1691 1425 1745 Hesiod.

305 1797 368 1848 opp.
388 1783 439 1834 815
459 1778 501 1830 ἐπὶ
521 1778 601 1845 ζυγὸν
620 1778 711 1845 αὐχένι
732 1778 829 1836 θέντες.
865 1780 926 1844 Qua
945 1780 978 1833 de
999 1797 1082 1833 cause
1102 1779 1248 1834 Froehlieh
1268 1779 1297 1832 in
1316 1781 1427 1834 enunti-

304 1872 351 1922 ato
370 1867 676 1933 θέντες-ἔχωσινηοῐι
691 1867 817 1934 Ἕλληνες
841 1869 996 1921 subiectum
1016 1885 1075 1922 esse
1095 1872 1202 1932 censet,
1227 1869 1274 1922 sed
1295 1869 1351 1920 οἵδε
1370 1873 1424 1922 v.l

302 1957 461 2024 iunctisque
481 1955 560 2022 ζυγὸν
580 1955 744 2022 δουλοσύνης
772 1957 923 2011 distichum
952 1958 991 2010 sie
1020 1958 1120 2011 vertit:
1154 1960 1219 2021 ,auf
1245 1958 1307 2010 dass
1337 1956 1424 2021 nicht,

303 2048 404 2101 hetten
423 2046 462 2098 sie
482 2046 575 2099 selben
596 2046 646 2098 dus
666 2045 735 2098 Joch
755 2046 804 2100 der
823 2046 1025 2101 Knechtscheft
1046 2048 1095 2100 auf
1112 2048 1166 2101 den
1183 2048 1299 2102 Nacken
1319 2048 1425 2116 gelegt,

303 2137 343 2189 sie
368 2136 544 2203 ringsurnher
570 2136 733 2189 verbassteu
759 2137 839 2188 Hohn
864 2155 897 2189 zu
920 2139 1051 2204 ertragen
1076 2136 1193 2192 heben“.
1233 2139 1320 2202 Quem
1341 2140 1426 2194 inter-

304 2227 490 2294 pretationem
512 2226 639 2280 refellere
658 2226 734 2278 haud
753 2243 823 2294 opus
842 2229 893 2279 est.
923 2227 995 2291 ζυγῷ
1015 2224 1113 2292 αὐχένα
1134 2226 1223 2282 δόντες
1243 2226 1326 2291 Weil,
1347 2226 1427 2294 ζυγὸν

303 2314 394 2381 αὐχένι
408 2316 502 2367 θεῖσαν
516 2313 598 2383 (pert.
613 2332 669 2368 eor.
689 2332 725 2368 se.
740 2311 828 2380 ὕβριν)
844 2314 968 2378 Voemel‚
988 2314 1067 2380 ζυγὸν
1080 2314 1170 2381 αὐχένι
1185 2315 1288 2367 θέντων
1308 2335 1344 2369 sc.
1358 2316 1426 2367 ἀντι-

303 2405 396 2456 πάλων
424 2405 545 2474 Spengel
570 2403 627 2470 (sed
655 2403 758 2454 θέντων
784 2421 865 2457 nemo
885 2421 939 2456 uon
958 2404 1058 2473 iunget
1078 2422 1140 2457 curn
1156 2403 1319 2470 Ἑλλήνων),
1347 2404 1426 2471 ζυγὸν

304 2493 395 2560 αὐχένι
416 2495 506 2549 δύντες
527 2494 631 2560 Bergk,
659 2494 731 2557 ζυγῷ
752 2491 852 2558 αὐχένα
872 2491 962 2548 θέντες
982 2492 1080 2546 Vitelli
1107 2492 1181 2555 (coll.
1205 2493 1268 2546 Eur.
1286 2494 1353 2547 Hec.
1374 2496 1426 2548 376

209 2670 211 2674 ”
305 2670 439 2727 Clemm.²
464 2688 491 2724 v.
505 2674 531 2724 6.
558 2670 775 2737 ἔχοιενΒεοαού.
795 2679 803 2734 ,l
822 2673 890 2724 ν.8.
916 2671 1016 2736 σώματ’
1036 2672 1122 2733 codd,
1142 2671 1339 2741 lsr'par'ng,
1357 2673 1426 2740 quie

305 2763 344 2815 nil
365 2762 418 2815 nisi
446 2761 515 2814 cinis
535 2763 706 2814 mortuorum
728 2760 844 2814 Athenis
864 2761 989 2828 sepultus
1011 2764 1091 2814 esset.
1111 2768 1119 2810 .;
1138 2766 1201 2830 post
1220 2763 1306 2827 κρίσις
1327 2763 1426 2816 Froeh-

305 2853 361 2905 lieh
381 2869 490 2904 omnem
510 2851 766 2919 interpunctionem
786 2851 885 2906 tollere
904 2854 932 2904 et
952 2849 1004 2901 ἐστὶ
1029 2870 1054 2905 v.
1075 2854 1090 2904 9
1116 2869 1176 2904 curn
1196 2851 1252 2902 ἐπεὶ
1272 2852 1319 2917 ἥδε
1339 2853 1426 2918 κρίσις

304 2943 419 3010 iungere
439 2942 500 2994 vult
519 2940 584 3003 (,de
603 2958 657 2994 von
670 2942 738 2996 Zeus
758 2941 812 2993 den
827 2939 1002 2994 Sterblichen
1022 2941 1071 2993 das
1090 2941 1256 2995 beschieden
1275 2940 1311 2992 ist
1331 2940 1426 2993 heines

306 3030 459 3083 Wunsches
480 3048 513 3082 zu
532 3030 676 3084 verfehlen
699 3030 745 3083 bei
765 3030 819 3082 den
838 3029 957 3082 Gottern
976 3030 1033 3082 und
1054 3029 1151 3093 (durch
1171 3026 1221 3093 sie)
1242 3030 1310 3082 elles
1330 3029 1426 3096 gliick-

306 3121 361 3173 lieh
382 3137 413 3171 zu
434 3119 582 3172 vollendeu
602 3119 640 3170 im
659 3116 789 3181 Leben“).
828 3118 885 3170 Hoc
905 3118 926 3170 si
947 3121 1022 3172 recte
1042 3119 1168 3181 sentiret,
1188 3136 1242 3171 non
1262 3118 1355 3186 potuit
1375 3117 1426 3170 De-

305 3208 465 3262 mosthenes
485 3206 566 3271 §290
584 3224 695 3260 versum
714 3224 817 3259 nonum
837 3223 893 3258 una
912 3224 974 3259 cum
993 3205 1061 3257 ἐστίν
1081 3206 1187 3261 effene.
1219 3206 1316 3273 Neque
1336 3206 1426 3273 magis

305 3297 459 3351 ltibbeckic
479 3299 508 3350 et
521 3296 665 3350 Voemelio
685 3296 814 3349 assentiri
832 3312 943 3363 possum
964 3295 1010 3362 qui
1025 3314 1075 3347 usu
1096 3313 1128 3348 ac
1141 3296 1169 3348 vi
1189 3295 1359 3362 pronominis
1379 3295 1426 3345 ὅθι

306 3387 436 3454 neglecta
462 3385 546 3438 verba
571 3385 620 3451 ἥδε
639 3386 726 3450 κρίσις
749 3385 783 3437 ed
804 3401 837 3438 ee
856 3402 927 3451 quae
947 3385 1117 3452 praecedunt
1136 3385 1281 3438 relerendc
1300 3401 1358 3438 esse
1377 3402 1426 3451 pu·

307 3478 378 3528 tant.
408 3475 495 3528 Immo
515 3478 591 3528 recte
611 3475 737 3543 plerique
757 3474 877 3528 editores
897 3477 961 3542 pust
975 3475 1061 3539 κρίσις
1082 3473 1261 3542 distinguunt
1280 3473 1426 3542 legemque

306 3582 322 3615 a
347 3564 415 3617 love
441 3563 538 3616 detem
562 3563 592 3615 in
617 3563 716 3616 ultimo
743 3563 862 3616 disticho
888 3563 978 3617 inesse
1002 3561 1184 3616 contendunt.
1211 3567 1219 3611 ν
1243 3578 1269 3614 v.
1289 3564 1308 3614 9
1332 3563 1364 3614 et
1383 3562 1426 3613 10.

307 3652 408 3706 Omnes
439 3656 505 3707 ente
532 3652 739 3721 Goettliugium
763 3656 826 3721 post
850 3652 1004 3716 κατορθοῦν
1033 3652 1280 3718 interpunxerunt,
1310 3668 1425 3717 quorum

306 3742 433 3810 pertibus
453 3760 505 3810 ego
525 3759 635 3809 quoque
654 3743 756 3796 eecedo
786 3761 810 3794 v.
830 3760 857 3809 p.
877 3744 957 3795 2911.
980 3744 1002 3793 l.
1040 3739 1148 3793 Primus
1169 3739 1324 3805 Goettling,
1344 3757 1425 3806 quem

307 3831 428 3901 Spengel
456 3831 561 3898 aliique
588 3831 635 3898 qui
663 3831 815 3900 genuinum
843 3830 970 3883 iudicent
994 3830 1169 3898 epigramma
1188 3829 1274 3882 secuti
1295 3831 1373 3888 sunt,
1399 3827 1427 3877 ἐν

305 3921 382 3987 βιοτῇ
407 3918 447 3984 (in
470 3921 615 3974 hominum
640 3918 712 3985 vite)
741 3920 833 3975 versui
860 3935 932 3972 nono
958 3918 1073 3972 adnexit
1097 3924 1129 3972 ut
1149 3919 1265 3972 subiecti
1291 3918 1350 3971 vice
1371 3934 1426 3970 non

307 4009 375 4070 θεοὶ,
395 4008 441 4063 sed
462 4007 556 4074 θνητοὶ
575 4009 654 4076 fungi
675 4009 856 4062 contenderet
875 4004 969 4072 (isdem
983 4007 1080 4074 ἔπορον
1099 4025 1149 4076 pro
1169 4007 1263 4073 ἔπορεν
1277 4007 1426 4060 intextum

307 4095 490 4168 receperunt).
529 4097 589 4150 Dici
611 4097 710 4165 igitur,
735 4098 836 4150 donum
857 4097 969 4150 deorum
991 4113 1049 4150 esse
1075 4096 1201 4149 homines
1228 4097 1268 4148 nil
1288 4095 1425 4147 incassum
