2970 4734
629 375 824 437 „9-

167 573 272 615 omues
302 552 411 636 elegiis
442 555 474 614 et
504 550 738 633 epigrammatis
771 553 810 616 ob
844 552 925 615 bella
949 552 1073 616 Persica
1104 552 1284 616 celebrasse.

167 656 277 740 Neque
309 658 487 722 testimonia
518 665 657 721 veterum
689 661 726 722 de
757 660 983 723 necessitudine
1012 682 1091 743 quae
1116 664 1182 722 erat
1204 661 1286 723 inter
1382 697 1383 700 κ

167 763 358 828 Simonidem
384 768 414 828 et
431 763 618 826 Pausaniam
643 762 876 844 (Schneidewin
894 765 940 828 ed.
959 764 1034 829 Sim.
1060 788 1090 847 p.
1108 763 1198 845 XIX)
1220 770 1285 828 tam

166 870 258 934 facile
282 874 411 952 possunt
434 871 586 933 removeri
610 893 705 952 quam
729 876 820 953 putat
844 871 968 935 Kaibel.

255 993 322 1058 Iam
346 994 409 1057 dixi
434 993 607 1057 Pausaniae
631 994 758 1057 titulum
784 995 888 1058 afferri
917 995 1012 1057 etiam
1045 996 1078 1057 in
1109 994 1217 1058 libello
1248 995 1286 1058 de

167 1101 318 1164 Herodoti
343 1100 549 1182 malignitate.
599 1099 693 1164 Cuius
717 1101 774 1164 etsi
797 1105 916 1177 auctor,
941 1101 1004 1164 sive
1028 1105 1074 1163 est
1099 1099 1286 1163 Plutarchus

166 1209 230 1271 sive
254 1208 333 1270 alius
357 1208 442 1289 quis,
468 1207 663 1270 Herodotum
689 1207 867 1270 Corinthios
900 1213 930 1271 et
954 1207 1099 1271 Boeotios
1132 1207 1285 1270 calumni-

168 1314 251 1376 atum
277 1336 340 1377 esse
365 1313 443 1376 falso
466 1314 645 1389 contendit,
675 1319 778 1376 tamen
806 1337 876 1378 eum
900 1313 1025 1394 optimis
1054 1336 1157 1377 rerum
1186 1314 1285 1395 scrip·

167 1421 286 1485 toribus
311 1443 399 1483 nsum
423 1443 488 1484 esse
514 1421 604 1484 hodie
628 1425 751 1484 constat
774 1426 805 1484 et
827 1421 1006 1503 saepissime
1037 1444 1116 1503 quae
1140 1421 1285 1502 Ephorus

168 1527 387 1610 Theopompus
409 1527 525 1610 aliique
541 1532 634 1591 testes
648 1528 808 1591 Herodoto
824 1550 886 1591 non
900 1529 1066 1593 deteriores
1078 1528 1284 1604 tradiderunt,

167 1637 207 1698 ab
231 1657 266 1698 eo
290 1657 352 1697 uno
377 1637 544 1698 memoriae
568 1640 640 1698 sunt
663 1634 827 1716 prodita1).
875 1635 932 1697 His
956 1658 992 1698 ex
1017 1635 1195 1698 auctoribus
1220 1635 1285 1717 epi-

168 1746 343 1823 grammata
367 1764 491 1824 quoque
515 1746 584 1804 octo
608 1764 687 1824 quae
711 1741 802 1803 affert
825 1746 949 1822 sumpta
977 1746 1050 1803 sunt
1081 1763 1182 1823 neque
1213 1762 1285 1803 vero

168 1871 206 1911 ex
228 1848 390 1931 florilegiis
414 1849 495 1912 unde
519 1848 668 1932 pleraque
692 1850 790 1930 petita
814 1871 877 1911 esse
901 1853 993 1930 putat
1009 1847 1132 1911 Kaibel.
1173 1847 1285 1931 Neque

167 1954 249 2017 enim
274 1954 401 2017 omnino
426 1955 667 2018 existimandum
692 1960 738 2018 est
762 1955 914 2018 Herodoti
938 1955 1198 2019 calumniatorem
1227 1954 1284 2017 ali-

167 2061 249 2123 unde
277 2061 495 2142 inscriptiones
526 2063 707 2143 sumpsisse,
740 2061 865 2124 aliunde
896 2083 976 2143 quae
1009 2063 1046 2123 de
1077 2061 1121 2124 eis
1152 2059 1283 2123 disserit.

166 2166 267 2230 Immo
291 2189 386 2248 quam
410 2168 566 2230 rationem
588 2168 621 2229 in
645 2168 818 2230 Pausaniae
847 2169 930 2249 regis
961 2167 1054 2230 titulo
1084 2166 1285 2231 memorando

103 2259 105 2263 ,
168 2274 312 2337 adhibuit
336 2296 429 2356 quem
453 2297 516 2337 non
541 2297 578 2337 ex
603 2274 767 2357 florilegio,
792 2276 842 2338 sed
867 2298 904 2338 ex
929 2274 1112 2358 Thucydide
1136 2296 1207 2338 eum
1232 2296 1285 2356 pe-

166 2380 270 2444 tivisse
288 2381 383 2444 verba
400 2381 466 2462 ipsa
484 2372 686 2461 (κολάπτων)
704 2381 865 2444 declarant
881 2382 923 2462 (v.
940 2404 1034 2462 supra
1049 2404 1080 2463 p.
1090 2382 1135 2462 8),
1153 2382 1284 2445 eandem

165 2511 236 2578 eum
262 2488 439 2552 adhibuisse
463 2489 637 2570 putandum
658 2493 704 2551 est
720 2489 814 2552 etiam
831 2490 863 2551 in
880 2488 1018 2572 reliquie.
1058 2489 1172 2554 Omnia
1186 2489 1285 2572 igitur

167 2595 396 2678 epigrammata
420 2600 533 2676 quarto
558 2595 620 2657 iam
638 2619 664 2657 a.
683 2594 755 2658 Chr.
773 2595 895 2659 saeculo
919 2596 1071 2659 exstitisse
1095 2597 1284 2659 censendum

166 2707 221 2765 est.
269 2700 327 2764 Sed
359 2702 472 2764 Kaibel
504 2707 537 2763 ut
569 2702 629 2763 duo
662 2702 775 2784 quibus
808 2701 994 2765 Plutarchus
1022 2702 1087 2783 ipse
1115 2702 1285 2766 Simonidis

166 2830 279 2872 nomen
304 2809 449 2890 praefixit
472 2810 613 2872 earmina
638 2810 715 2889 (136
741 2813 771 2870 et
795 2811 854 2872 137
876 2807 982 2891 oga),
1006 2832 1045 2872 ne
1069 2809 1134 2890 ipse
1158 2810 1283 2892 quidem

166 2915 339 2992 addubitat,
364 2916 409 2977 ita
433 2938 540 2979 eorum
565 2939 645 2998 quae
669 2915 734 2977 sine
763 2916 898 2978 auctoris
922 2917 1048 2978 nomine
1079 2916 1119 2978 ab
1150 2916 1204 2978 illo
1236 2918 1284 2980 af-

166 3021 328 3096 feruntur,
362 3022 534 3086 Pausaniae
558 3023 683 3104 quidem
717 3023 929 3106 epigramma,
960 3024 1083 3105 dequo
1108 3025 1198 3087 modo
1223 3024 1283 3106 egi,

166 3128 223 3190 etsi
247 3128 287 3190 ab
313 3128 371 3191 hoc
394 3133 485 3211 poeta
509 3129 645 3191 alienum
671 3133 808 3192 attamen
833 3130 1003 3212 genuinam
1019 3131 1137 3194 iudicat
1152 3132 1284 3213 inserip-

166 3235 294 3310 tionem‚
319 3234 458 3316 quinque
482 3257 555 3297 vero
579 3258 660 3317 quae
684 3240 803 3297 restant
827 3237 986 3299 nonsatis
1012 3237 1107 3300 habet
1131 3237 1282 3300 Simonidi

166 3339 330 3422 abrogare,
355 3341 406 3403 sed
431 3341 525 3404 etiam
550 3342 660 3422 (punto
684 3343 807 3406 saeculo
832 3366 867 3405 ea
892 3343 975 3407 faeta
1007 3344 1201 3426 lapidibusve
1225 3366 1283 3407 un-

166 3469 259 3527 quam
293 3447 448 3530 insculpta
479 3448 574 3511 fnisse
608 3455 713 3532 negat.
769 3451 873 3531 Atque
907 3455 990 3514 certe
1026 3456 1135 3533 poetae
1170 3472 1283 3514 nomen

165 3552 351 3615 testimoniis
368 3555 480 3616 nititur
496 3560 657 3618 auctorum
679 3556 739 3618 fide
755 3556 1042 3638 indignissimorum
1067 3556 1283 3639 (anthologiae

168 3659 329 3724 Palatinae
359 3663 541 3725 correctoris
573 3663 604 3724 in
630 3686 676 3745 ep.
703 3665 763 3739 97,
801 3665 881 3732 134.
919 3666 1000 3735 llo,
1036 3664 1084 3725 Ps.
1110 3663 1219 3725 Dionis
1253 3667 1284 3727 et

167 3766 296 3830 Anthol.
322 3768 355 3829 in
380 3769 432 3845 98,
459 3769 506 3831 Ps.
527 3769 635 3832 Dionis
659 3771 691 3832 in
709 3769 764 3851 96)
790 3793 890 3852 neque
914 3770 1022 3833 dubito
1046 3771 1122 3852 quin
1146 3775 1229 3833 recte
1246 3792 1282 3833 ea

256 4002 281 4066 1)
302 4003 336 4055 cf.
356 4002 502 4055 Wecklein
532 4003 678 4056 'l‘radition
703 4004 752 4057 der
772 4003 980 4073 Perserkriege,
1013 4002 1157 4069 Holzapfel
1183 3999 1282 4051 Philol.

166 4094 208 4143 42.
228 4092 261 4144 23
273 4108 332 4158 sqq.
