2986 4726
637 350 856 419 ..19-

185 531 259 599 loos)
278 552 338 589 esse
356 534 536 589 manifestum
553 538 603 589 est.
625 553 650 588 v.
671 534 739 588 CIG
754 535 793 588 III
812 555 838 604 p.
853 535 930 587 XVII
950 539 1008 590 nb
1027 536 1142 598 titulum
1158 534 1304 595 Thasiumz

185 624 281 692 itaque
305 627 337 678 ut
360 628 449 677 metro
472 624 623 693 adaptaret
649 624 741 693 Bergk
765 624 843 678 PLG
862 623 914 677 ΙΙΙ4
942 644 968 693 p.
989 627 1039 678 282
1066 625 1185 680 coniecit
1209 625 1258 677 δύο
1280 625 1303 675 δ·

185 710 276 783 ἐνθάδ’
300 713 374 780 ἒνίκη
403 713 450 777 (sc.
475 713 561 777 νίκας)
592 700 705 765 Φειδόία
730 714 771 770 αἷς
794 716 900 766 παίδων
926 715 971 769 vel
999 714 1048 766 δύο
1068 715 1091 766 δ’
1111 714 1209 766 ἐνθάδε
1229 715 1304 771 νίκας

186 803 232 867 (sc.
252 803 339 870 ε’νίκη)
369 805 399 855 Φ.
420 803 461 862 αῖς
479 803 593 855 παίδων.
632 804 709 870 Quae
735 805 841 873 ellipsis
865 804 942 857 nullo
961 808 1044 872 paeto
1064 804 1178 858 ferenda
1198 807 1240 857 est
1259 822 1304 856 ne·

185 911 237 961 que
257 894 385 947 firmatur
404 911 435 947 eo
455 894 528 962 quod
548 893 640 962 Bergk
659 894 871 962 brachylogiam
890 893 1031 948 offendere
1047 897 1150 963 negat:
1177 893 1305 962 exempla

184 983 365 1037 cuim-erant
383 982 532 1037 afferenda.
568 983 625 1036 'Sed
651 999 712 1036 meo
732 983 834 1035 iudicio
853 999 908 1036 non
929 987 971 1036 est
994 1000 1042 1034 cur
1065 982 1188 1049 syllabas
1212 983 1304 1034 Φειδο-

184 1074 298 1140 propter
311 1072 394 1125 metri
413 1072 610 1133 necessitatem
630 1071 746 1140 spondei
760 1072 820 1125 vice
840 1074 987 1140 usurpatas
1000 1088 1059 1124 esse
1072 1071 1213 1123 miremur.
1243 1070 1304 1123 Plu·

184 1161 255 1213 rima
269 1161 343 1213 enim
356 1160 481 1215 inveniet
495 1161 624 1229 exempla
636 1161 783 1229 neglectae
802 1161 832 1213 in
848 1160 967 1229 propriis
980 1159 1139 1212 nominibus
1158 1160 1305 1227 prosodiae

185 1248 208 1300 si
228 1249 289 1317 quis
303 1248 424 1302 Kaihelii
438 1249 567 1317 syllogen
586 1267 617 1304 eo
635 1248 750 1310 consilio
770 1249 954 1317 perlustrabit
973 1247 1016 1315 (cf.
1032 1248 1122 1310 Alieni,
1142 1248 1228 1316 greek
1247 1265 1304 1300 ver·

185 1335 322 1390 sification
342 1334 570 1407 in‘jinsoriptions
591 1338 702 1406 passim,
723 1337 748 1391 J.
759 1337 875 1391 Menrad
895 1339 924 1390 in
944 1353 1059 1392 censura
1078 1334 1168 1388 libelli
1188 1333 1305 1389 Useneri

185 1426 219 1480 de
232 1424 399 1479 Graecorum
419 1425 543 1480 versibus
562 1425 761 1478 Wochenschr.
781 1425 800 1478 ί.
815 1425 854 1477 kl.
869 1424 969 1478 Philol.
985 1427 1053 1478 1887
1067 1443 1094 1478 n.
1109 1428 1141 1479 51
1156 1425 1207 1477 col.
1218 1424 1304 1488 1575).

186 1514 332 1582 Periegeta
351 1515 439 1582 igitur
459 1531 521 1567 cum
541 1515 715 1582 epigramma
729 1513 915 1568 Corinthiacis
935 1514 1037 1567 litteris
1057 1514 1192 1582 scriptum
1207 1514 1304 1567 ionicis

185 1604 390 1658 characteribus
405 1604 541 1666 redderet,
561 1607 675 1671 propter
688 1606 807 1656 metrum
822 1603 947 1656 litteram
961 1602 984 1655 0
1003 1603 1030 1655 in
1045 1602 1180 1656 Phidolae
1193 1603 1305 1656 nomine

185 1713 207 1744 ω
224 1694 382 1760 significare
401 1693 471 1746 falso
491 1694 611 1761 putavit.
639 1695 641 1759 l
661 1693 768 1744 παίδων
788 1693 865 1745 codd.
884 1693 990 1743 παίδων
1011 1694 1030 1741 τ’
1052 1693 1144 1760 Bergk
1163 1692 1211 1758 qui
1231 1692 1304 1760 qnod

185 1785 269 1835 antea
282 1780 493 1834 existimaverat
510 1781 623 1832 Φειδόλα
636 1782 741 1832 παίδων
756 1781 855 1846 δόμους
875 1784 904 1834 et
920 1781 1066 1835 Phidolam
1087 1785 1115 1833 et
1132 1780 1202 1834 filios
1220 1781 1305 1848 signi·

185 1869 267 1922 ficare
287 1885 367 1936 posse
387 1869 446 1937 ipse
466 1873 540 1923 recte
560 1870 664 1924 reiecit.

273 1993 445 2057 Pausanias
469 2016 539 2058 curn
563 1994 652 2072 tocie,
681 2017 758 2077 quos
781 2017 875 2077 supra
899 1995 1046 2075 adscripsi
1070 1996 1131 2058 duo
1154 1989 1303 2077 equorum

183 2106 386 2166 monumenta
416 2106 587 2179 memoret,
620 2090 711 2165 unius
744 2107 867 2165 tantuin
893 2102 985 2164 affert
1008 2102 1221 2184 epigramma:
1259 2101 1305 2163 al·

184 2209 280 2270 terius
313 2230 384 2271 vero
416 2230 540 2291 quoque
572 2209 701 2271 titulum
732 2209 822 2271 nobis
853 2213 1008 2271 servatum
1036 2229 1100 2271 esse
1128 2212 1160 2270 et
1183 2211 1305 2271 exstare

183 2317 215 2378 in
241 2316 436 2399 Anthologia
460 2316 605 2380 Palatina
629 2316 674 2379 VI
711 2318 770 2380 135
805 2315 947 2399 plerique
977 2316 1034 2378 viri
1064 2316 1145 2378 docti
1175 2337 1305 2378 consen·

183 2421 306 2506 tiunt.¹)
354 2423 459 2507 Atque
482 2423 658 2506 Junghahn
688 2428 721 2486 nt
746 2428 776 2486 et
799 2421 859 2486 hoc
883 2422 995 2503 prioris
1019 2423 1214 2485 monumenti
1238 2413 1304 2503 epi·

182 2551 327 2612 gramma
355 2529 397 2612 (I)
429 2552 603 2614 congruum
635 2531 778 2594 redderet
812 2529 985 2594 Pausaniae
1018 2531 1192 2593 narrationi
1224 2551 1305 2611 quae

184 2636 344 2700 victricem
367 2659 480 2720 equam
500 2626 599 2718 Atqu
623 2638 749 2700 nomine
773 2641 936 2714 memorat,
961 2642 991 2700 et
1015 2659 1187 2718 pronomen
1212 2621 1305 2710 οὗτος

183 2744 265 2824 quod
298 2744 330 2806 in
362 2743 447 2807 illius
471 2744 582 2807 aetatis
605 2744 862 2825 inscriptionibus
893 2766 955 2806 non
986 2745 1018 2807 in
1042 2766 1098 2806 usu
1123 2744 1218 2806 fuisse
1245 2743 1320 2808 sibi'

184 2851 344 2940 persuasit,
370 2831 548 2932 expelleret,
571 2852 605 2914 in
629 2851 731 2934 lapide
755 2851 849 2914 fuisse
873 2851 1006 2914 coniecit
1025 2841 1123 2929 Αὔρα
1148 2840 1304 2931 (Φειδόλαε

182 2951 289 3029 ἵππος
306 2953 389 3036 κτλ.)
406 2958 488 3038 quod
505 2956 670 3039 paullatim
694 2959 727 3020 in
745 2948 827 3017 oica
851 2961 882 3019 et
898 2939 990 3030 οὗτος
1014 2946 1196 3037 corruptum
1215 2947 1303 3019 esset.

183 3061 285 3135 Quam
308 3064 520 3126 coniecturam
544 3064 599 3126 etsi
618 3062 731 3126 Kaibcl
756 3064 788 3125 in
812 3084 944 3126 censura
963 3061 1206 3145 Junghahniani
1230 3083 1303 3143 pro-

182 3169 367 3247 grammatis
400 3168 525 3249 (Jahrb.
551 3171 572 3232 f.
599 3169 681 3232 Phil.
709 3172 769 3232 105
803 3191 832 3250 p.
860 3170 938 3251 794)
969 3170 1081 3232 falsam
1107 3192 1169 3233 esse
1198 3169 1304 3252 arguit

184 3310 224 3315 -
257 3275 372 3338 etenim
404 3279 505 3338 exstat
540 3276 735 3358 epigramma
766 3277 797 3337 in
830 3280 920 3357 parte
952 3276 1186 3359 Anthologiae‚
1223 3297 1303 3357 quae

183 3380 299 3463 quippe
322 3403 360 3444 ex
378 3381 539 3464 Meleagro
563 3387 687 3463 sumpta
711 3381 881 3444 secundum
897 3382 1039 3445 ordinem
1055 3382 1231 3445 litterarum
1257 3381 1303 3443 di-

183 3491 271 3569 gesta
303 3491 349 3550 est
381 3523 416 3531 -
452 3487 636 3550 Kalhmann
665 3509 764 3568 nuper
794 3487 825 3548 in
850 3487 1006 3549 invectiva
1030 3486 1084 3549 illa
1109 3510 1204 3570 quam
1227 3489 1303 3550 scri-

183 3591 245 3671 psit
260 3591 292 3654 iu
308 3590 532 3673 Pausaniam²)
557 3592 719 3675 amplexus
743 3614 807 3655 esse
832 3593 962 3670 videtur,
987 3614 1058 3656 cum
1077 3594 1161 3656 dicat
1184 3616 1222 3656 ex
1238 3594 1303 3657 solo

184 3698 411 3780 epigrammate
444 3701 634 3784 periegetani
671 3721 784 3762 nomen
808 3700 889 3782 ‚equi
920 3700 1081 3782 petivisse,
1119 3703 1199 3782 quod
1231 3723 1303 3763 vero

273 3893 298 3957 1)
319 3893 455 3948 hemmati
478 3902 522 3946 τοῦ
542 3894 623 3946 αὐτοῦ
652 3896 668 3949 i.
689 3913 711 3946 e.
729 3892 915 3958 Ἀνακρέοντος
935 3912 1001 3947 nuni
1021 3896 1087 3948 fides
1108 3895 1144 3946 sit
1164 3894 1301 3954 habenda,

183 3981 327 4050 incertum.

211 4134 213 4138 ‚
270 4069 297 4142 2)
320 4071 488 4135 „Pausanias
508 4073 557 4126 der
574 4071 719 4144 Perieget“
742 4092 768 4143 p.
791 4078 831 4127 16.
1153 4144 1156 4148 ι

1106 4160 1142 4212 2*
