2986 4726
635 352 855 413 „30-

185 535 327 613 spectare
357 551 458 613 neque
482 529 571 592 video
602 530 678 612 quid
702 531 803 593 obstet
827 529 903 612 quin
933 533 968 592 et
992 528 1059 593 hoc
1083 531 1118 593 04
1141 529 1305 593 alterum

186 660 334 701 carmen
364 637 598 719 deperditum
632 637 715 719 quod
740 635 966 699 Demosthenes
989 637 1132 700 recitavit
1160 637 1305 699 tumulo

187 744 475 807 Atheniensium
499 744 729 825 inscriptum
753 742 889 822 fuerit.¹)
929 743 1033 825 Atque
1058 743 1143 806 mille
1166 766 1236 807 curn
1260 744 1303 805 ibi

89 917 91 920 .
186 854 300 915 mortui
333 857 450 927 essent,
487 851 600 915 horum
623 852 751 914 nomina
778 869 840 913 non
866 852 920 913 uni
944 851 1036 933 cippo
1059 850 1186 914 inscribi
1212 855 1304 932 potu·

185 964 286 1036 erunt,
309 960 360 1022 sed
377 959 443 1022 sine
460 959 554 1023 dubio
569 959 712 1042 singulae
736 958 836 1020 tribus
851 957 983 1039 singulis
1006 957 1175 1021 utebantur
1195 958 1305 1040 cippis,

185 1066 224 1129 of.
251 1065 319 1128 ClA
335 1065 348 1126 Ι
362 1066 427 1128 433
451 1067 482 1127 in
509 1087 570 1147 quo
594 1064 696 1146 lapide
720 1063 946 1127 Erechtheidos
969 1065 1064 1127 solius
1088 1065 1202 1127 mortui
1227 1086 1304 1126 enu-

185 1177 308 1236 merant
310 1195 347 1234 ur
363 1194 379 1236 0
381 1171 586 1255 tpolyandrii
602 1170 801 1253 Thespiensis
818 1170 924 1252 cippos
943 1169 1305 1249 (Kirchhoff,tSud1en

185 1302 215 1361 p
248 1280 309 1341 140
326 1277 398 1360 sq..)
457 1276 683 1341 Demosthenes
718 1277 844 1359 quidem
881 1278 1076 1359 epitaphium
1112 1278 1193 1360 quod
1229 1277 1305 1340 urbs

185 1386 308 1467 publice
332 1385 497 1466 insculpi
489 1385 577 1447 iussit
601 1386 679 1447 recit
680 1386 745 1447 avit
768 1371 801 1465 (o
816 1378 956 1468 δημοσίᾳ
979 1375 1112 1468 ἡπόλις
1136 1378 1303 1465 προείλεθ’

186 1484 296 1566 αυτοῖς
320 1482 587 1573 ἐπιγράψαι);4
570 1497 771 1574 attpoteran
801 1497 884 1555 certe
853 1492 1007 1555 tetribus
1031 1514 1154 1574 quoque
1178 1514 1306 1555 suorum

186 1600 364 1685 nominibus
393 1599 521 1661 titulum
553 1599 679 1673 addere;
713 1603 859 1680 poterant
882 1598 975 1661 etiam
1000 1599 1119 1680 equites
1146 1600 1208 1661 suis
1232 1621 1305 1680 pro·

185 1706 289 1786 prium
312 1707 432 1787 erigere
457 1705 614 1768 tumulum
638 1706 720 1788 qnod
742 1705 840 1767 eidem
864 1704 971 1778 fecere¹
991 1703 1072 1767 bello
1092 1702 1304 1767 Corinthiaco.

185 1836 214 1877 v.
239 1811 369 1889 Κ414404,
394 1812 585 1876 Monatsber.
610 1814 639 1875 d.
665 1812 747 1875 Berl.
767 1812 828 1873 Ak.
855 1812 939 1875 1870
964 1834 994 1893 p.
1012 1812 1075 1873 272
1089 1833 1156 1893 sqq.
1204 1810 1306 1874 Immo

185 1940 224 1981 ne
247 1919 278 1981 id
302 1919 426 2000 quidem
452 1942 471 1981 a
494 1919 716 2000 probabilitate
741 1919 890 1982 abhorret
913 1920 1013 2001 ipsam
1030 1919 1189 1982 civitatem
1213 1918 1306 2002 plura

185 2026 325 2087 carmina
350 2030 553 2089 monumento
577 2027 780 2108 insculpenda
804 2048 944 2089 curasse:
976 2025 1072 2088 veluti
1095 2027 1156 2088 tria
1181 2029 1306 2089 exstant

186 2132 307 2195 diversa
331 2134 560 2214 epigrammata
584 2134 615 2195 in
640 2133 804 2210 columna,
833 2155 913 2216 quae
937 2134 967 2195 in
994 2134 1143 2195 honorem
1169 2131 1306 2195 militum
1383 2196 1387 2202 ,

186 2238 223 2301 ad
249 2239 430 2303 Potidaeam
455 2245 649 2303 mortuorum
672 2242 773 2323 posita
797 2245 852 2318 est,
877 2240 989 2303 Kaibel
1014 2239 1069 2302 EG
1093 2242 1129 2301 2]
1164 2240 1218 2310 l=
1232 2238 1304 2303 CIA

187 2345 197 2406 l
223 2345 313 2425 442).
361 2344 471 2427 Itaque
501 2348 608 2409 mirari
632 2348 808 2410 desinamus
832 2349 892 2410 duo
917 2347 1010 2409 fuisse
1034 2347 1196 2429 epitaphia
1220 2347 1305 2409 mili·

184 2457 261 2528 tum,
287 2451 339 2534 qni
365 2453 472 2515 eodem
496 2454 526 2515 in
554 2453 671 2536 proelio
696 2454 882 2517 oeciderunt.

498 2708 557 2778 Vl.
584 2707 634 2774 ne
660 2707 772 2774 Midae
797 2708 987 2792 epitaphio.

253 2895 383 2981 Xrttas'p
408 2895 576 2977 παρθένος
600 2893 676 2976 εἶμί,
702 2894 818 2961 Μίδεω
843 2897 872 2959 ‹l'
898 2894 954 2959 ἐπὶ
979 2888 1101 2984 σήματι
1125 2899 1243 2974 κεῖμαι.
1301 2911 1302 2914 ’

250 2995 321 3087 ὄφρ’
347 2996 386 3064 ab
409 2997 495 3085 44404
518 3026 553 3066 τε
576 2997 636 3088 νάῃ
660 3001 716 3065 καὶ
740 3001 872 3083 δένδρεα
895 2998 1002 3084 μακροὶ
1027 2994 1150 3088 τεθήλῃ

251 3107 323 3192 laci
347 3108 493 3189 ποταμοὶ
516 3101 686 3197 πλήθωσι,
711 3102 884 3195 περικλύζῃ
908 3109 944 3172 δὲ
968 3101 1134 3186 θάλασσα,

253 3210 356 3304 ἠέλιος
381 3216 409 3279 δ’
435 3209 533 3279 avicia
555 3208 670 3302 λάμπῃ
697 3209 829 3297 λαμπρά
854 3239 889 3280 τε
913 3208 1051 3302 celsusfl,

183 3328 201 3384 Γ»
249 3316 348 3386 αὐτοῦ
372 3323 449 3410 τῇδε
472 3322 613 3403 μένουσα
637 3315 850 3406 πολυκλαύτῳ
875 3320 932 3384 ἐπὶ
955 3315 1068 3405 τύμβῳ

250 3421 391 3513 ἀγγελέω
415 3431 578 3512 παριοῦσι,
605 3425 717 3514 Μίδης
742 3424 791 3491 ὅτι
815 3429 892 3513 τῇδε
916 3429 1095 3494 τέθαπται.

273 3643 381 3708 Plato
408 3645 564 3708 Phaedr.
590 3667 619 3726 p.
637 3645 701 3706 264
715 3643 747 3706 Ο.
789 3645 869 3704 Em:
896 3631 1039 3726 εὑρήσεις
1064 3638 1118 3699 τοῦ
1143 3628 1306 3720 ἐπιγράμ-

182 3771 285 3828 ματος
310 3741 402 3811 οὒὸὲν
426 3748 631 3832 διαφέροντα,
657 3737 674 3809 44
699 3743 794 3832 Μίδᾳ
817 3748 862 3830 τῷ
882 3742 983 3828 Φρυγί
1000 3742 1100 3830 φασίν
1119 3767 1204 3819 τινες
1229 3743 1305 3807 ἐπι-

274 3984 299 4044 1)
320 3982 399 4034 Η440
418 3999 496 4033 snam
510 3982 669 4049 opinionem
684 3982 824 4034 Schoell
844 3985 1009 4049 praeceptor
1023 3980 1181 4033 carissimus
1195 3997 1306 4034 mecum

184 4071 409 4127 communicavit.
