2986 4726
274 1413 414 1466 Praefatio

234 1536 253 1587 I.
274 1537 313 1589 De
333 1536 483 1590 Simonidis
504 1534 551 1592 Cei
572 1538 783 1606 epigrammatis
835 1579 1197 1591 .........
1271 1542 1286 1591 3
1340 1592 1344 1600 ,

222 1641 254 1695 II.
274 1641 315 1696 De
336 1641 485 1696 Simonidis
506 1643 592 1711 epigr.
615 1646 664 1695 137
686 1643 745 1711 ng
749 1684 1196 1697 ...........
1256 1649 1287 1697 10

208 1749 254 1802 III.
274 1748 315 1802 De
328 1750 470 1818 tripodum
480 1749 605 1819 Apollini
619 1749 739 1802 Ismenia
755 1750 947 1803 dedicatorum
961 1749 1198 1818 inscriptionibus.

275 1840 386 1904 (Herod.
407 1845 430 1895 5.
451 1840 567 1905 tam-61)
613 1882 794 1894 .....
835 1881 837 1886 .
880 1880 1197 1894 ........
1256 1846 1287 1894 13

208 1945 254 1999 IV.
275 1947 315 1999 De
328 1946 460 2000 Phidolae
474 1948 587 2014 eiusque
601 1948 751 2000 liberorum
765 1948 977 2015 epigrammatis
992 1946 1035 2010 (Α.
1050 1948 1076 2000 Ρ.
1087 1947 1123 2000 VI
1141 1951 1198 2000 135.

274 2036 353 2089 Paus.
374 2040 398 2090 6.
419 2039 459 2088 13.
482 2041 525 2090 10)
568 2078 1197 2090 ...............
1256 2041 1287 2088 Ia

222 2143 252 2196 V,
275 2143 313 2196 De
326 2143 540 2198 Atheniensium
555 2144 700 2212 epitaphio
707 2144 898 2198 Chaeronensi
912 2141 1065 2207 (Demosth.
1082 2146 1122 2196 18.
1137 2139 1199 2203 289)
1255 2146 1288 2194 22

210 2251 256 2304 VI.
276 2252 315 2304 De
336 2251 428 2305 Midae
448 2253 593 2322 epitaphio
613 2251 696 2317 (Plat.
720 2253 834 2307 I'haedr.
854 2271 880 2321 p.
895 2250 978 2307 26th
1017 2293 1200 2305 .....
1256 2256 1290 2302 30

197 2356 255 2409 VII.
275 2357 314 2409 De
335 2357 498 2411 Arcadionis
519 2358 663 2427 epitaphio
683 2357 798 2421 (Polem.
818 2359 899 2425 frgm.
914 2362 948 2411 79
969 2357 1023 2421 Pr.)
1058 2400 1063 2409 .
1104 2400 1108 2409 .
1148 2399 1152 2409 .
1253 2360 1287 2410 36

181 2463 253 2516 VIII.
276 2465 313 2518 De
333 2463 423 2516 Boidii
444 2463 572 2517 Charetis
591 2465 683 2517 uxoris
704 2464 849 2532 epitaphio
869 2463 1022 2528 (A.P.VII
1044 2461 1103 2525 169)
1148 2505 1153 2514 .
1194 2507 1197 2514 .
1254 2467 1288 2515 40

276 2589 435 2657 appendix:
468 2593 489 2642 1.
517 2589 630 2658 Kyriaci
650 2589 911 2642 commentariorum
936 2589 1124 2656 fragmentum
1151 2587 1198 2640 ad-

517 2680 570 2732 huc
590 2679 750 2747 neglectum
790 2718 1198 2731 ..........
1254 2679 1287 2727 43

470 2789 493 2838 2.
523 2785 598 2838 Duae
617 2784 813 2852 inscriptiones
832 2784 920 2838 falsae
971 2827 975 2836 .
1001 2862 1007 2870 φ
1016 2826 1197 2836 .....
1255 2786 1287 2834 Ia
