2970 4734
632 366 853 429 „28-

180 567 240 626 que
257 545 438 608 recentioris
455 544 565 607 aetatis
578 543 777 626 grammatici
794 547 866 606 ante
880 542 1112 626 Goettlingium
1125 580 1177 620 —,
1193 548 1300 608 tamen

181 655 283 734 potest
305 651 388 726 fieri,
421 655 456 713 ut
479 651 548 734 quis
572 651 631 715 hoc
655 650 852 714 enuntiatum
884 651 920 714 de
944 649 1123 714 hominibus
1147 651 1301 733 interpre-

180 762 282 834 tetur,
319 779 420 841 neque
451 762 534 822 certe
566 759 718 823 omisisset
750 762 856 822 orator
888 758 949 821 duo
980 758 1040 821 ista
1064 757 1177 832 verba,
1207 758 1233 820 si
1258 759 1302 821 eis

180 865 379 942 sententiam,
404 887 499 947 quam
523 887 722 946 expressurus
738 869 815 942 erat,
840 864 1078 929 luculentiorem
1095 865 1184 928 edere
1208 869 1301 946 potu·

180 971 263 1034 isset.
323 971 423 1036 Immo
456 994 560 1036 versus
591 967 939 1054 μηδὲν-κατορθοῦν
972 996 990 1035 a
1022 971 1231 1036 Demosthene
1264 995 1301 1035 ex

181 1077 341 1161 epitaphio
371 1079 500 1143 recitato
532 1079 681 1162 repetitus
705 1079 856 1155 eundem,
887 1078 913 1141 si
937 1079 1011 1160 quid
1037 1078 1144 1156 video,
1177 1101 1301 1153 sensum

181 1185 293 1249 habuit
308 1208 401 1269 quem
417 1186 516 1250 inesse
532 1186 726 1250 contendunt
741 1207 848 1249 omnes
864 1191 982 1249 veteres
995 1186 1175 1269 scriptores3
1193 1209 1303 1251 verum

182 1293 406 1358 Demosthenes
421 1295 488 1375 ipse
503 1297 612 1375 utpote
636 1292 808 1356 causidicus
832 1291 927 1355 verba
951 1314 1041 1355 suum
1064 1292 1098 1354 in
1114 1315 1205 1355 usum
1227 1315 1302 1356 con-

180 1401 276 1463 vert't
298 1422 485 1483 sensumque
509 1400 552 1462 eis
571 1399 718 1476 subdidit,
743 1399 797 1481 qui
820 1394 852 1461 si*
869 1420 942 1462 vera
967 1398 1104 1462 fatemur
1127 1399 1221 1482 longe
1245 1399 1302 1462 ab·

182 1505 288 1569 horret
312 1529 331 1568 a
347 1505 538 1570 Graecorum
562 1505 724 1568 hominum
749 1505 992 1588 opinionibus.¹)
1033 1505 1118 1569 Nam
1142 1506 1211 1589 quis
1235 1530 1300 1570 me-

181 1611 286 1676 hercle
314 1616 454 1676 veterum
486 1612 588 1676 dicere
617 1634 709 1675 ausus
733 1616 779 1675 est
809 1612 846 1675 de
870 1611 1055 1677 mortalibus
1085 1635 1136 1677 eos
1159 1614 1224 1678 deis
1247 1615 1302 1677 ad-

180 1718 362 1783 iuvantibus
394 1718 491 1782 nihil
523 1718 679 1783 incassum
711 1724 815 1801 petere
846 1719 1095 1802 omnibusque
1125 1720 1162 1783 in
1191 1722 1303 1784 rebus

181 1827 317 1891 secunda
340 1828 387 1890 uti
412 1827 560 1891 fortuna?
596 1827 703 1910 Longe
726 1828 844 1890 distant
858 1827 919 1891 loci
943 1849 1019 1909 quos
1042 1827 1146 1911 Bergk
1171 1828 1302 1905 confert,

182 1955 253 1996 cnm
285 1932 331 1996 ibi
358 1955 421 1997 non
451 1935 488 1996 de
511 1933 701 2015 sempiterna
724 1935 936 2015 continuaque
961 1935 1125 1997 hominum
1149 1933 1301 1998 felicitate

182 2076 267 2127 τάνειν
292 2076 345 2137 ἔξω
370 2083 415 2142 τῆς
435 2077 542 2143 ιγίισεως
562 2085 645 2128 κεῖται
672 2084 716 2143 τῆς
736 2077 909 2142 ἀνθρωπίνης
931 2107 959 2114 -
983 2077 1014 2128 οῦ
1034 2076 1083 2143 γὰρ
1102 2077 1229 2142 πείθομαι
1249 2074 1301 2142 ι’γῶ

181 2174 235 2222 τοῖς
254 2166 284 2216 ἐκ
304 2166 444 2233 ποικίλης,
460 2208 464 2217 .
478 2207 482 2217 .
496 2207 516 2228 .,
541 2165 606 2217 ἀλλὰ
627 2167 692 2233 τάχα
713 2166 746 2233 δι’]
766 2165 794 2217 τὸ
813 2165 965 2232 ἐπίγραμμα
986 2166 1173 2233 ἀληθέστερον,
1193 2164 1301 2231 ὂἎθή-

181 2274 256 2321 νησιν
275 2255 459 2322 ἐπιγέγραπται
487 2256 514 2307 ἓν
535 2263 571 2320 τῷ
591 2256 669 2322 τάφῳ
690 2263 726 2320 τῷ
746 2257 881 2321 δημοσίῳ”
911 2256 957 2307 καὶ
976 2255 1025 2322 γὰρ
1045 2265 1098 2313 τοῖς
1118 2257 1192 2314 θεοῖς
1211 2257 1302 2322 μόνοις

181 2343 209 2395 τὸ
234 2345 319 2396 πάντα
343 2346 496 2410 κατορθοῦν
523 2344 656 2411 ἀπονέμει.
677 2371 710 2380 -
731 2344 841 2398 Schol.
867 2345 907 2397 ad
931 2344 1068 2414 Gregor.
1088 2345 1169 2413 Nan,
1194 2345 1225 2398 in
1246 2345 1303 2398 Ju-

181 2434 206 2486 li
216 2452 265 2486 an.
278 2438 290 2486 1
312 2453 337 2502 p.
352 2435 431 2488 1691)
452 2435 494 2488 ed.
513 2434 852 2488 Piecolomini·Kirehhoff
872 2434 985 2488 Hermes
996 2434 1034 2485 Vl
1048 2438 1099 2489 487
1110 2453 1150 2503 sq.
1171 2432 1303 2499 (Piccolo-

181 2522 249 2574 mini
270 2523 388 2577 Estratti
409 2527 461 2577 etc.
481 2543 507 2592 p.
522 2521 562 2586 dl:
583 2523 611 2572 τδ
630 2522 815 2589 ἀναμάρτητόν
835 2542 918 2589 φησιν
937 2522 1003 2588 ὑπὲρ
1023 2522 1092 2589 ἡμᾶς
1112 2521 1172 2579 τοὺς
1191 2521 1300 2587 ἀνθρώ-

179 2631 255 2672 πους,
276 2610 304 2661 τὸ
318 2610 347 2663 δὲ
359 2613 458 2678 μικρόν
478 2633 499 2662 τι
519 2613 679 2668 πταίσαντας
699 2610 880 2677 ε’πανάγεσθαί
893 2632 918 2662 τε
938 2611 984 2662 καί
998 2607 1176 2676 διορθοῦσθαι
1191 2609 1300 2675 ἀνθρώ-

180 2720 239 2751 πων
259 2699 328 2751 ἐστίν
348 2701 440 2752 καλῶν
460 2721 486 2751 τε
505 2700 644 2767 κάγαθῶν,
666 2700 733 2767 λέγει
754 2699 783 2751 δὲ
803 2700 849 2751 καί
868 2701 1033 2766 Σιμωνίδης,
1052 2699 1089 2756 είς
1109 2700 1132 2751 δ’
1152 2697 1229 2756 οὗτος
1250 2705 1303 2750 τῶν

181 2789 207 2840 θ’
233 2790 367 2856 λυρικῶν,
396 2789 423 2841 ἒν
449 2784 625 2856 ἐπιγράμματι
650 2789 758 2855 ῥηθέντι
785 2789 859 2854 αὐτῷ
884 2788 925 2840 εἰιὶ
945 2796 998 2846 τοῖς
1018 2789 1174 2854 Μαραθῶνι
1193 2796 1302 2840 πεσοῦσι

181 2883 234 2928 τῶν
248 2877 397 2945 Ἀθηναίων
424 2877 467 2929 τὸν
486 2880 576 2944 στίχον
595 2886 699 2930 τοῦτον·
729 2878 813 2946 μηδὲν
832 2879 959 2945 ἁμαρτεῖν
981 2879 1033 2930 ἐστι
1054 2878 1134 2929 θεοῦ
1154 2877 1200 2929 καὶ
1219 2877 1302 2929 πάντα

181 2968 342 3033 κατορθοῦν.
382 2969 476 3022 Suid.
504 2987 524 3021 s.
549 2989 574 3022 v.
595 2968 823 3035 συγγνώμονα.
859 2967 966 3033 Ὀρθῶς
985 2968 1031 3018 καί
1050 2969 1151 3034 εἴρηται
1172 2966 1200 3016 τὸ
1218 2964 1303 3033 μηδὲν

181 3055 308 3122 ἁμαρτεῖν
326 3058 402 3109 θεοῦ
422 3058 474 3108 ε’στι
495 3057 540 3108 καὶ
558 3057 643 3108 πάντα
658 3057 821 3122 κατορθοῦν,
841 3056 987 3122 ἅνθρωπος
1007 3055 1036 3107 δὲ
1055 3055 1105 3107 οὐκ
1126 3055 1157 3106 ἂν
1174 3057 1242 3107 εἴποι
1262 3055 1302 3106 ἐπ’

181 3143 269 3196 οὐδενί
296 3147 333 3196 ὅτι
353 3145 390 3213 μη
410 3148 525 3197 πείσεται
546 3147 605 3196 τόδε
625 3166 655 3195 τι.
695 3146 832 3200 Phalar.
861 3163 908 3214 ep.
930 3147 987 3199 126.
1026 3144 1054 3195 τὸ
1072 3143 1157 3211 μηδὲν
1176 3145 1304 3210 ἁμαρτεῖν

180 3235 292 3291 εἰκότως
319 3235 383 3292 ἴσως
407 3235 453 3286 καὶ
473 3236 586 3291 δικαίως
613 3236 688 3286 θεοῦ
708 3237 850 3301 νομίζεται.
888 3234 1079 3288 Justinian.
1105 3234 1173 3286 eod.
1201 3234 1259 3286 lib.
1280 3237 1303 3286 l.

182 3324 227 3378 tit.
250 3328 289 3387 17,
310 3329 325 3377 2
345 3323 360 3388 ἓ
382 3328 422 3377 13.
461 3325 591 3378 Omnium
611 3326 715 3378 habere
734 3325 896 3378 memoriam
916 3328 945 3377 et
966 3324 1076 3392 penitus
1096 3324 1125 3376 in
1144 3324 1221 3376 nullo
1240 3340 1303 3392 pec·

182 3431 244 3468 care
269 3413 427 3466 divinitatis
455 3414 545 3481 magis
570 3432 654 3482 quam
680 3414 862 3467 mortalitatis
890 3417 945 3476 cst,
975 3414 1048 3481 quod
1068 3417 1096 3466 et
1116 3431 1132 3466 a
1153 3413 1303 3466 maioribus

182 3503 287 3557 dictum
309 3505 360 3556 est.
381 3529 412 3536 -
434 3503 511 3556 Neve
531 3503 638 3556 mireris
659 3504 832 3571 quodetiam
856 3503 879 3556 ei
900 3503 1048 3571 scriptores
1068 3520 1137 3570 quos
1158 3519 1189 3555 ex
1204 3502 1304 3555 Demo-

182 3593 279 3647 sthene
304 3592 428 3646 hausisse
453 3595 559 3645 certum
582 3595 639 3656 est,
669 3592 818 3656 Aristides,
846 3591 1032 3653 themistius,
1058 3590 1190 3643 Libanius
1210 3589 1303 3658 (quem

182 3682 334 3751 exemplari
349 3681 437 3735 codici
460 3683 624 3750 Augustano
637 3685 758 3747 cognato
778 3700 857 3735 usum
871 3698 929 3735 esse
944 3681 1027 3733 lectio
1041 3680 1107 3730 θεοῦ
1127 3678 1163 3743 (v.
1178 3698 1204 3746 p.
1218 3683 1251 3731 22
1265 3680 1304 3739 n.)

181 3771 316 3832 ostentat]
336 3771 371 3823 ab
390 3770 472 3823 huius
490 3771 723 3839 interpretatione
742 3771 888 3824 recedunt:
909 3771 1008 3838 quibus
1024 3770 1097 3823 idem
1112 3769 1216 3822 accidit
1229 3769 1303 3835 quod

182 3861 382 3914 recentioribus
406 3864 471 3915 ante
495 3860 701 3929 Goettlingium
726 3859 930 3928 grammaticis,
959 3864 989 3913 ut
1010 3877 1042 3912 ea
1067 3876 1138 3925 quae
1158 3860 1251 3910 orator
1271 3875 1303 3910 ex

182 3967 260 4004 versu
281 3950 376 4012 efficit,
396 3967 507 4018 prorsus
527 3951 719 4018 neglegerent.
758 3968 783 4002 v.
805 3948 926 4016 Spengel
946 3968 973 4016 p.
993 3951 1052 4003 309.

273 4038 297 4104 l)
317 4040 415 4093 Aesch.
435 4040 487 4108 Ag.
508 4041 556 4093 531
588 4040 624 4097 τίς
649 4037 678 4090 δὲ
703 4036 772 4105 πλὴν
798 4038 871 4088 θεῶν
918 4037 1034 4087 ἅπαντ’
1060 4036 1176 4103 ἀπήμων
1201 4033 1244 4085 τὸν
1269 4035 1303 4084 δι’

181 4128 279 4185 αἰῶνος
298 4130 412 4195 χρόνον,Ι
435 4130 467 4181 cf.
489 4128 604 4182 Richter
630 4148 656 4197 p.
676 4131 700 4181 8.
