2986 4726
669 365 889 426 „42-

218 539 372 605 audivisse
396 542 558 606 mulierem
590 544 672 626 quod
701 564 816 606 nomen
840 543 1001 625 proprium
1030 544 1124 608 etiam
1148 546 1284 610 occurrit
1307 545 1340 608 iu

222 646 326 710 Attico
350 647 444 711 titulo
474 647 561 729 (ola
586 647 670 712 113.
697 648 809 729 3557).
857 647 973 724 Quodsi
998 655 1139 716 auctores
1163 647 1341 729 δαμαλίδος

218 758 372 831 statuam,
405 778 467 819 non
491 751 618 833 dordlov
642 755 736 819 fuisse
759 755 885 832 dicunt,
918 757 990 821 inde
1015 759 1233 840 explicandum
1257 761 1341 844 quod

120 948 123 952 Α
219 861 352 927 buculae
375 883 490 944 genus
514 863 692 946 significare
715 862 892 927 voluerunt.
919 901 960 908 ψ-

311 986 415 1069 Atque
447 988 507 1051 hoc
538 989 733 1070 epigramma
768 988 919 1072 crepidini
954 989 1120 1054 columnae
1155 992 1340 1075 inscriptum

219 1094 314 1157 fuisse
337 1099 433 1178 negat
456 1094 600 1158 Maffeius
634 1092 789 1174 (arserit.
814 1095 908 1178 lapid.
934 1119 963 1179 p.
990 1097 1061 1179 31),
1092 1120 1162 1163 cum
1188 1098 1341 1163 Constan-

220 1199 287 1264 tino
312 1201 632 1286 Porphyrogenneto,
662 1226 699 1267 ex
723 1225 785 1287 quo
808 1204 875 1268 solo
899 1205 1020 1267 novisse
1044 1205 1185 1282 videtur,
1217 1227 1341 1268 omnem

220 1309 353 1393 abroget
383 1309 487 1374 fidem.
534 1310 651 1374 Contra
675 1309 787 1393 Heyne
820 1315 851 1373 et
873 1309 990 1375 Jacobs
1014 1314 1045 1374 et
1068 1312 1122 1395 qui
1146 1311 1183 1374 de
1207 1311 1341 1376 Charete

220 1417 286 1500 egit
310 1415 459 1480 Schaefer
491 1417 729 1499 (Demosthenes
752 1441 781 1480 u.
807 1441 831 1481 s.
857 1417 994 1482 Zeitll1
1018 1419 1096 1502 477)
1128 1420 1233 1501 ignari
1256 1419 1343 1483 illius

220 1524 394 1588 sententiae
416 1547 456 1588 ue
480 1524 644 1588 minimam
672 1525 798 1608 quidem
823 1525 1051 1590 dubitationem
1077 1531 1243 1590 moverunt
1265 1527 1340 1610 quin

221 1630 376 1714 genuinus
400 1635 479 1694 esset
502 1631 612 1694 titulus
635 1631 826 1714 sepulcralia
865 1632 1013 1696 Attamen
1038 1633 1205 1717 quominus
1229 1639 1341 1717 quarto

222 1760 248 1799 a.
275 1735 348 1799 Chr.
373 1737 496 1801 saeculo
525 1737 581 1800 hos
604 1760 709 1801 versus
732 1739 864 1821 scriptos
888 1761 951 1803 esse
975 1743 1136 1822 putemus,
1170 1740 1269 1803 multa
1292 1763 1342 1804 re·

221 1847 375 1926 pugnant.
425 1843 587 1926 Apparent
618 1844 701 1908 euim
733 1867 805 1907 cum
833 1845 939 1928 spicae
962 1846 1086 1910 dialecti
1111 1846 1261 1930 vestigia,
1293 1847 1341 1909 in·

222 1949 331 2032 primis
363 1945 451 2030 ἐμεῖο
486 1973 515 2013 v.
543 1951 570 2014 1.
602 1951 689 2015 cuius
719 1952 913 2034 pronominis
936 1952 1044 2016 Attica
1074 1951 1177 2016 forma
1205 1952 1342 2018 numeris

221 2057 339 2120 includi
368 2081 431 2122 non
463 2063 566 2142 potest
601 2059 751 2143 (reliquas
785 2059 867 2124 [adis
894 2059 1010 2124 formas
1041 2050 1188 2145 Ἰναχίης,
1226 2052 1341 2142 Ἥρης,

223 2163 380 2243 καλεῦμαι
414 2165 570 2250 corrigere
606 2166 708 2242 licet),
745 2170 812 2229 tum
847 2166 1004 2231 inferioris
1035 2167 1216 2250 graecitatis
1249 2189 1342 2230 voca·

223 2272 299 2335 bula
322 2276 357 2335 ut
381 2262 501 2346 εὐνέτις
524 2277 556 2336 et
577 2266 717 2350 βοιΐδιον
741 2295 796 2356 pro
820 2267 945 2351 βοίδιον
970 2273 1054 2354 (Old
1079 2273 1110 2336 ll
1135 2276 1164 2337 3.
1191 2277 1276 2339 3537
1302 2275 1342 2338 cf.

223 2379 350 2444 Lobech
380 2380 419 2443 ad
455 2380 668 2465 Phrynichum
700 2403 731 2464 p.
756 2380 833 2462 86),
868 2382 1017 2464 pessimus
1048 2382 1181 2466 denique
1212 2383 1344 2446 aoristus

223 2480 341 2550 ἕπλων.
378 2487 466 2552 Adde
489 2489 713 2572 ineptissimam
732 2489 953 2572 loquacitatem
978 2493 1009 2553 et
1032 2489 1232 2553 artificiosam
1255 2489 1342 2552 illam

224 2595 364 2677 priorum
388 2617 531 2658 versuum
557 2594 755 2659 locutionem.
800 2595 881 2670 Quid
905 2595 988 2658 enim
1012 2595 1072 2658 sibi
1098 2596 1165 2658 vult
1187 2596 1342 2680 particula

225 2695 284 2782 yolo
307 2703 338 2765 in
363 2725 453 2765 versu
477 2703 595 2766 tertio?
633 2702 720 2778 Quae
743 2726 813 2766 cum
838 2703 950 2767 debeat
972 2726 1097 2767 causam
1121 2704 1232 2768 afferre
1255 2708 1344 2767 ante·

224 2810 361 2874 cedentis
385 2811 549 2883 enuntiati,
574 2833 681 2874 versus
703 2812 749 2874 ita
771 2811 1000 2895 interpretandi
1016 2816 1099 2888 suut,
1125 2816 1159 2875 ut
1175 2809 1259 2876 Ionis
1284 2811 1343 2876 hoc

225 2918 293 2982 loco
316 2921 555 2982 monumentum
571 2922 692 2982 exstare
716 2923 851 3002 nequeat
874 2918 990 3001 quippe
1014 2918 1143 3001 quaein
1162 2918 1344 3003 Aegyptum

225 3026 418 3108 migraverit.
466 3025 609 3100 Quantae
631 3025 783 3107 ineptiae,
812 3030 966 3108 aquarto
990 3025 1116 3108 quidem
1139 3024 1261 3087 saeculo
1285 3023 1344 3088 ali-

225 3155 315 3210 enae,
340 3133 392 3197 sed
419 3132 576 3215 profectae
600 3155 617 3194 a
641 3133 849 3217 grammatico
873 3132 1010 3216 quodam
1032 3131 1190 3196 inferioris
1214 3131 1343 3195 aetatis!

314 3259 372 3322 His
396 3259 590 3343 argumentis
613 3259 727 3343 quibus
758 3263 794 3321 ut
817 3259 958 3341 spurium
983 3262 1126 3340 putemus
1150 3258 1345 3342 epigramma

226 3366 418 3443 adducimur,
444 3367 563 3431 accedit
579 3368 660 3451 quod
677 3390 717 3430 ne
740 3366 930 3430 crateribus
947 3365 1071 3449 quidem
1096 3365 1241 3428 omnibus
1259 3363 1345 3426 bovis

225 3477 336 3557 typum
360 3474 399 3537 ad
423 3473 565 3538 Charetis
591 3496 719 3538 uxorem
744 3473 877 3537 relatum
901 3471 1167 3552 essetraditur31)
1199 3471 1346 3555 discimus

227 3654 276 3722 qui
293 3654 359 3709 inde
378 3654 470 3708 effecit
489 3653 646 3721 antiquitus
666 3670 783 3708 aeneum
807 3652 885 3705 bovis
904 3667 976 3718 quae
996 3651 1089 3704 Ionem
1112 3653 1345 3719 repraesentaret,

227 3747 438 3799 monumentum
465 3743 619 3806 exstitisse,
646 3743 723 3796 cuius
747 3743 777 3796 in
797 3743 888 3796 locum
907 3740 1009 3795 Chares
1030 3740 1142 3810 coniugi
1161 3756 1344 3794 marmoream

227 3837 350 3887 statuam
371 3832 517 3896 erexisset,
543 3849 614 3900 quae
641 3834 734 3885 utrum
754 3830 832 3884 bovis
852 3847 888 3884 an
908 3830 1032 3883 mulieris
1052 3830 1172 3899 speciem
1192 3828 1345 3892 habuisset,

227 3923 432 3991 relinqueretur
450 3921 597 3975 incertum.

317 4010 538 4078 nonunquam
564 4027 619 4064 non
645 4010 744 4064 mirum
767 4014 839 4063 esset
858 4009 880 4062 si
900 4009 1012 4062 Βοιόίου
1033 4025 1133 4062 nomen
1154 4007 1231 4061 bovis
1251 4009 1347 4059 statua

228 4098 308 4167 quasi
332 4116 491 4171 expressum
517 4102 602 4164 esset3
629 4115 694 4152 nam
718 4115 753 4152 ne
777 4097 845 4167 quid
869 4096 960 4150 dicam
985 4096 1019 4149 dc
1042 4095 1168 4152 leonibus
1189 4094 1264 4149 band
1283 4110 1346 4147 raro
