2970 4734
671 360 864 419 ,6-

208 542 335 601 auctore
352 538 396 600 usi
414 538 478 599 sint
493 537 657 618 scriptores
679 536 733 618 qui
750 536 978 618 epigrammata
996 533 1164 596 Simonidis
1181 534 1325 596 afferunt.

209 644 240 707 Si
265 645 348 707 enim
372 643 536 725 pristinam
553 643 641 705 illam
664 642 807 726 syllogen
831 664 849 704 a
871 646 962 724 poeta
986 642 1052 722 ipso
1076 641 1255 704 institutam
1278 664 1325 704 se·

208 754 357 833 quantur,
382 750 425 813 eis
450 749 557 832 utique
581 749 656 813 fides
680 749 824 812 habenda
841 753 886 812 est
909 769 1009 830 neque
1033 752 1148 811 temere
1172 747 1246 810 licet
1270 746 1326 808 du-

211 859 319 933 bitare,
343 856 369 919 si
393 856 462 938 quis
486 878 523 919 ex
540 856 826 920 Alexandrinorum
843 855 1027 919 collectione
1052 856 1158 918 velex
1175 855 1325 937 Meleagri

208 986 323 1028 corona
356 984 463 1026 recens
496 963 580 1026 edita
612 963 726 1027 hausit.
774 962 828 1026 Sin
855 968 959 1027 autem
984 963 1093 1026 unicus
1116 962 1202 1024 testis
1226 965 1327 1025 exstat

208 1070 398 1154 florilegium
423 1070 570 1134 inferiore
592 1073 695 1135 aetate
719 1073 935 1153 compositum,
961 1071 1056 1133 veluti
1074 1067 1255 1150 Cephalana
1278 1067 1327 1129 vel

209 1176 369 1241 Planudea·
393 1177 441 1240 vel
465 1177 528 1241 alia
552 1178 753 1262 anthologia,
785 1179 852 1242 fieri
883 1201 956 1242 sane
980 1177 1084 1258 potuit
1111 1181 1145 1238 ut
1168 1176 1326 1258 integrum

208 1288 386 1348 servaretur
416 1283 549 1363 lemma,
585 1285 638 1349 sed
671 1290 789 1349 certum
822 1308 859 1349 ex
888 1286 947 1349 hoe
970 1284 1056 1348 fonte
1080 1284 1145 1346 solo
1177 1283 1326 1344 iudicium

208 1413 329 1454 sumere
352 1413 415 1454 non
439 1391 520 1454 licet.

299 1497 357 1560 His
373 1499 519 1580 expositis
542 1498 567 1560 si
591 1499 716 1581 singula
733 1498 912 1562 testimonia
928 1497 1202 1573 considerabimus,
1227 1497 1327 1559 multa

194 1604 334 1687 quidem
359 1605 588 1686 epigrammata
608 1604 788 1669 Kaibelium
811 1611 894 1669 recte
917 1604 1022 1686 spuria
1046 1603 1197 1667 iudicasse
1221 1626 1327 1666 oense-

209 1710 321 1787 bimus
346 1713 397 1773 sed
422 1733 486 1774 esse
509 1713 662 1794 quaedam
685 1713 740 1776 ubi
763 1713 890 1796 longius
906 1715 1070 1795 provectus
1087 1732 1150 1773 esse
1175 1710 1326 1774 videatur.

212 1815 254 1880 Ut
277 1817 375 1900 igitur
397 1818 484 1880 iniis
507 1840 587 1900 quae
611 1818 647 1882 de
666 1819 802 1883 Aristide
822 1825 932 1882 contra
950 1818 1122 1901 Bergkium
1146 1817 1325 1898 disputavit,

209 1923 301 2005 plane
325 1925 475 1987 assentior
504 1926 569 1988 viro
594 1924 823 2007 acutissim01)‚
857 1926 901 1988 ita
926 1927 990 1989 eius
1014 1926 1051 1989 de
1076 1924 1227 1988 Herodoti
1255 1924 1326 1987 Plu-

210 2031 374 2113 tarchique
399 2032 474 2096 locis
497 2033 685 2095 sententiam
709 2032 837 2094 minime
861 2054 984 2114 possum
1009 2028 1165 2113 amplecti.

299 2138 404 2221 Atque
444 2138 620 2203 Herodotus
667 2139 698 2201 in
738 2138 939 2202 celeberrimo
982 2139 1106 2221 septimi
1146 2138 1218 2201 libri
1260 2139 1326 2202 loeo

142 2241 143 2244 ¹
210 2248 249 2326 (c.
265 2242 342 2326 228)
367 2247 612 2329 epigrammatis
637 2269 717 2329 quae
740 2247 773 2309 iu
790 2227 888 2329 cippis
912 2268 1018 2311 eorum
1043 2247 1097 2329 qui
1120 2247 1156 2309 ad
1174 2246 1327 2310 Thermo-

208 2354 296 2437 pylas
329 2375 384 2436 pro
409 2353 511 2434 patria
536 2353 672 2416 cecidere
703 2353 799 2416 incisa
823 2359 912 2416 erant
940 2355 1002 2436 (ep.
1028 2353 1103 2417 Sim.
1128 2354 1181 2416 91.
1207 2354 1257 2416 92.
1284 2354 1326 2415 94

207 2460 324 2543 Bglr.)‚
358 2462 451 2523 haece
488 2461 582 2523 verba
615 2459 793 2542 subiungit:
838 2450 1064 2540 ἐπιγράμμασι
1102 2457 1160 2538 μέν
1191 2482 1243 2520 νον
1272 2455 1327 2519 καὶ

208 2555 341 2650 στήλῃσι
373 2557 434 2638 ε’·’ξιο
466 2555 485 2649 ἢ
518 2563 574 2639 τοῦ
606 2555 740 2642 μάντιος
775 2558 965 2645 ἐπίγραμμα
996 2557 1231 2648 §apparead
1264 2557 1327 2624 εἰσί

209 2691 311 2754 σφεας
336 2664 365 2732 ol
390 2660 682 2755 ἐπικοσμήσαντες·
708 2662 745 2730 τὸ
770 2668 806 2732 δὲ
829 2669 885 2731 τοῦ
909 2663 1042 2749 μάντιος
1067 2665 1253 2751 Μεγιστίεω
1272 2672 1324 2730 Σι-

208 2771 349 2860 μωνίδης
373 2767 635 2857 ὁΛεισιιρέιιεός
659 2771 728 2838 ἐστι
744 2770 829 2838 κατά
846 2774 961 2862 ξεινίην
986 2771 1217 2861 ὁέιτιγράψος.
1251 2778 1326 2840 lude

208 2884 400 2947 confidenter
431 2884 529 2947 efficit
561 2883 674 2947 Kaibel
699 2886 743 2965 (p.
761 2886 839 2966 438)
870 2887 927 2949 etsi
951 2908 1012 2949 nou
1037 2887 1261 2961 necessarium,
1295 2890 1333 2981 at¹

211 2991 345 3054 maxime
370 2991 532 3073 probabile
556 3013 619 3054 esse
641 2990 939 3072 Peloponnesiorum
964 2998 994 3055 et
1010 2982 1327 3056 Lacedaemoniorum

209 3098 438 3180 epigrammata
454 3097 647 3160 Simonidem
671 3118 733 3159 nou
750 3098 915 3178 scripsisse.
953 3097 1031 3161 (lum
1049 3100 1131 3161 eninr
1151 3099 1326 3162 Herodotus

300 3279 324 3338 l)
345 3276 518 3342 Quamquam
538 3275 567 3327 in
586 3292 628 3343 ep.
643 3279 692 3327 142
708 3275 778 3343 ng.
798 3292 831 3328 ex
851 3276 982 3329 Aristidis
993 3277 1160 3331 scholiastae
1180 3281 1208 3330 et
1229 3277 1325 3330 autho-

211 3364 301 3432 logiae
323 3363 380 3417 Pal.
401 3363 562 3417 correctoris
583 3380 717 3417 consensu
738 3365 765 3416 id
785 3365 914 3417 concludi
932 3369 1038 3433 potest,
1066 3367 1149 3420 fuisse
1169 3366 1193 3419 ei
1213 3366 1242 3417 in
1261 3359 1327 3433 qim-

210 3453 273 3505 dam
295 3453 429 3522 florilegio
450 3452 573 3517 (falsum)
594 3452 744 3505 Simonidis
768 3470 868 3507 nomen
888 3456 1048 3522 praefixum.
1088 3455 1177 3506 Etiam
1198 3473 1225 3506 n.
1245 3456 1281 3506 91·
1299 3456 1326 3505 et

210 3546 244 3594 97
264 3546 402 3595 corrector
421 3543 486 3595 huic
504 3546 603 3610 poetae
623 3542 730 3595 tribuit.
764 3543 892 3596 Ceterum
906 3543 959 3595 duo
979 3560 1012 3597 ex
1025 3543 1236 3612 epigrammatis
1256 3559 1327 3609 quae

210 3631 304 3682 rhetor
332 3631 427 3692 affert,
456 3631 571 3684 titulum
600 3631 661 3683 dico
690 3632 890 3700 quadrigarum
919 3649 1067 3685 aenearum
1100 3636 1161 3690 (132
1191 3632 1276 3698 ssgkl'
1300 3629 1328 3685 et

210 3737 320 3772 carmen
346 3721 419 3787 quod
443 3720 603 3788 supradixi
627 3721 656 3773 iu
676 3721 923 3787 llurymedoutiam
944 3740 1067 3790 pugnam
1091 3725 1152 3779 {142
1174 3722 1253 3791 ng.)
1273 3738 1327 3774 non

210 3815 326 3878 possunt
345 3828 361 3863 a
382 3810 523 3864 Simonide
543 3814 668 3879 prolecta
688 3829 760 3873 esse;
788 3812 863 3864 illius
884 3813 970 3874 enim,
991 3813 1013 3864 si
1033 3813 1062 3865 in
1082 3813 1229 3880 pristinam
1248 3811 1326 3863 illam

210 3899 401 3954 collectionem
431 3918 447 3952 a
472 3906 555 3968 poeta
579 3906 721 3968 receptum
742 3905 828 3961 esset,
859 3902 946 3954 iustus
973 3903 1039 3954 ordo
1060 3920 1188 3954 versuum
1208 3902 1236 3953 in
1256 3901 1328 3953 anti-

211 3990 305 4056 quiore
325 3990 452 4057 exemplo
472 3994 597 4043 servatus
618 3988 688 4054 (Cla
703 3989 739 4042 IV
755 3989 838 4050 aare)
859 3995 982 4043 exstaret
1002 3991 1075 4058 apud
1096 3992 1255 4058 cephalam,
1277 3991 1325 4042 hor¹

211 4077 348 4132 novicium
370 4096 428 4131 esse
450 4095 536 4147 nuper
556 4078 650 4131 docuit
671 4079 730 4130 Keil
753 4077 877 4142 [Hermes
899 4084 933 4130 ‘lo
953 4098 978 4148 p.
993 4079 1134 4145 343sqql.
