2970 4734
632 394 853 456 ..41-

179 570 321 655 tholegia
340 571 445 635 hausit
468 571 603 635 Suidas
627 573 681 654 qui
704 572 796 635 affert
818 594 842 634 s.
860 594 887 634 v.
906 561 1053 634 ἅνιιοπεῖ
1076 575 1172 638 finem
1188 577 1298 639 rersl

85 754 87 758 7
180 683 211 740 et
236 701 357 742 versum
382 678 552 742 secundum
581 683 612 742 et
634 703 657 741 s.
684 702 711 741 v.
737 672 868 740 Βοίδιον
892 701 1014 742 versum
1041 683 1058 744 7
1084 685 1166 744 etv.
1193 684 1211 745 8
1236 683 1301 765 pri-

181 807 266 847 mum
283 785 479 849 vocabulum.
515 784 742 850 Constantin
761 786 994 871 Porphyrog.
1013 787 1050 850 de
1066 788 1196 852 themat.
1211 788 1242 851 ll
1263 791 1300 851 12

181 891 224 973 (p.
250 894 291 955 63
323 891 441 972 Bonn):
479 885 536 953 dv'o
560 890 597 954 δὲ
621 885 683 954 εἱσι
706 881 889 973 Βόσποροι,
921 879 967 966 εἷς
989 888 1048 969 μὲν
1073 885 1089 953 δ
1115 890 1301 975 Κιμμέριος,

181 1050 186 1062 .
213 993 375 1080 ..ἕτερος
399 996 427 1059 δ’
453 993 486 1060 ἐν
511 992 675 1074 Βυζαντίον
678 1047 832 1062 ......
854 1000 1008 1078 μαρτυρεῖ
1030 996 1067 1061 δὲ
1089 997 1142 1060 καὶ
1166 994 1203 1060 ιδ
1229 995 1302 1061 ἐπί-

180 1128 311 1186 γραμμα
342 1106 399 1167 τοῦ
422 1099 529 1179 κίονος
557 1105 615 1192 τῆς
637 1101 816 1186 οἶννιπέραν
845 1104 903 1190 γῆς
926 1097 1185 1185 Χροοοπόλειος,
1220 1101 1253 1167 ἐν
1278 1093 1304 1190 ᾦ

179 1206 361 1294 μαρμαρίνη
386 1203 524 1290 δάμαλις
547 1209 688 1293 ἵδρυται,
714 1203 841 1295 φάσκον
865 1205 984 1286 οὕτως·
1019 1204 1302 1297 'laoniae—dumo-

181 1317 297 1401 ιέραις.
329 1321 361 1382 in
386 1319 577 1402 Stephano
602 1319 687 1402 Byz.
712 1342 735 1382 s.
752 1342 781 1382 v.
806 1310 977 1399 Βόσπορος
1001 1320 1201 1384 librariorum
1225 1321 1302 1384 vitio

181 1427 305 1503 excidit,
331 1449 368 1490 ex
393 1426 598 1491 Constantino
622 1426 780 1509 supplevit
803 1426 959 1491 Meineke.

267 1568 295 1604 v.
314 1553 336 1604 1.
353 1551 468 1619 Ἰναχίης
487 1550 553 1618 dode
572 1549 623 1602 οὐκ
643 1551 696 1616 εἰμὶ
716 1551 796 1608 τύπος
816 1548 873 1603 οὐδ’
894 1551 938 1602 ἀπ’
958 1549 1031 1617 ε’μεῖο
1045 1552 1198 1618 Βοσπόριον
1217 1552 1302 1604 ἀντω-

865 1639 944 1691 λασεν

181 1711 231 1762 πὸν
257 1711 384 1778 κέκληται
409 1711 521 1780 πέλαγος
546 1712 691 1766 Constant.
746 1728 773 1764 v.
792 1714 819 1764 3.
857 1710 953 1778 ἤγαγεν
979 1711 1078 1773 Anth.;
1108 1711 1202 1765 omisit
1222 1712 1302 1766 Dion.

183 1803 247 1869 Byz.
272 1802 320 1855 lv.
338 1803 427 1870 4sqq.
455 1803 545 1856 Valde
565 1808 709 1870 corruptos
729 1800 843 1854 exhibet
855 1799 935 1853 Dion.
950 1799 1030 1868 Byz.:
1050 1799 1087 1856 εἰς
1106 1799 1209 1866 Φάρον·
1230 1800 1262 1852 οὔ
1275 1821 1303 1867 γε

182 1887 233 1955 ἐγὼ
255 1933 259 1944 .
282 1934 286 1943 .
312 1889 345 1957 ἦν
368 1889 509 1957 Χάρητος,
535 1890 628 1941 ἔπλεον
652 1891 688 1940 ὅτ’
714 1889 831 1941 ε’πλώδει
851 1887 960 1946 ἐκεῖνος.
983 1932 988 1942 ,
1011 1932 1016 1942 .
1034 1888 1138 1955 βοίδιον
1159 1889 1182 1940 δ’
1202 1888 1303 1954 ἤκουον

182 1979 246 2041 τότε,
266 1980 375 2048 reliqua
393 1983 477 2034 recte.
500 1977 502 2045 ξ
527 1976 627 2046 Φάρον]
646 1978 739 2046 πάφον
758 1978 851 2032 Const.
876 1979 936 2033 cod.
955 1979 980 2032 A
1001 1976 1003 2036 l
1025 1978 1073 2029 ἅδε
1093 1978 1116 2029 δ’
1136 1975 1188 2044 ἐγὼ
1207 1978 1302 2041 Anah„

183 2070 229 2136 ἥδε
249 2070 273 2121 δ’
293 2067 344 2136 ἐγὼ
366 2070 444 2122 Plan.
464 2073 493 2124 et
512 2068 628 2138 llesych.
643 2069 732 2122 Miles.
754 2068 813 2123 cod.
828 2068 898 2131 Pan,
919 2068 967 2134 ἥδε
987 2065 1039 2134 ἐγὼ
1059 2069 1123 2122 Hes.
1143 2067 1221 2121 codd.
1242 2067 1302 2122 rell.

182 2163 210 2210 et
230 2158 375 2212 Consta-nt.
395 2158 489 2211 codC
509 2156 536 2223 (ἡ
558 2155 587 2209 δὲ
605 2155 658 2223 ἐγὼ
679 2157 783 2219 Codin.,
804 2159 835 2209 ut
854 2156 984 2222 videtur),
1004 2157 1052 2208 ἅδε
1071 2155 1123 2224 ἐγώ
1144 2157 1236 2210 Const.
1250 2158 1279 2209 A.
1300 2153 1302 2205 ζ

183 2265 209 2299 v.
223 2250 250 2300 5.
270 2246 303 2313 ἦν
316 2245 355 2312 δὲ]
370 2247 417 2298 ἅδε
433 2247 516 2300 Anth.
532 2250 561 2300 ut
575 2247 604 2299 in
617 2264 704 2316 marg.
725 2244 758 2312 ἦν
771 2244 801 2297 δὲ
824 2241 826 2311 l
847 2242 946 2312 ἔπλων]
960 2245 1057 2297 ἕπλουν
1078 2245 1170 2299 Const.
1191 2245 1282 2319 cod.A
1298 2242 1300 2310 i

184 2333 296 2401 ἔπλωον]
317 2335 409 2386 ἔπλοεν
429 2335 521 2390 Const.
541 2336 579 2400 Α;
604 2335 683 2386 πλόεν
703 2335 824 2390 eiusdem
847 2335 874 2388 C.
921 2351 947 2387 v.
968 2336 992 2388 7.
1031 2335 1135 2402 βοίδιον
1159 2333 1188 2386 δὲ
1207 2335 1303 2387 καλεῦ-

183 2444 236 2487 μαν
249 2421 302 2489 ἐγὼ
316 2423 372 2473 τότε
388 2426 418 2477 Α,
430 2423 498 2485 Pal,
517 2421 631 2489 βοιΐδιον
650 2421 679 2474 δὲ
691 2423 829 2489 καλεύμην
849 2422 997 2488 (καλεύμαν
1017 2423 1075 2476 cod.
1088 2422 1161 2486 Par.)
1182 2424 1238 2473 τότε
1251 2421 1303 2489 ἐγὼ

185 2512 268 2574 Suid,
287 2512 314 2578 β.
335 2510 364 2563 δὲ
383 2512 520 2576 καλεύμαν
538 2510 591 2578 ἐγὼ
616 2511 680 2577 (om.
698 2512 764 2573 τότε)
784 2511 941 2574 Constant,
967 2512 993 2579 β.
1014 2511 1116 2576 οὕνομα
1137 2511 1160 2563 δ’
1180 2511 1226 2578 ἦεν
1245 2510 1304 2576 ἐμοὶ

185 2604 240 2653 τότε
266 2601 328 2655 Hes.
342 2602 411 2664 Mil,
430 2602 456 2669 β.
478 2602 501 2653 δ’
521 2601 623 2668 ἤκουον
641 2600 694 2668 ἐγὼ
713 2603 770 2652 τότε
790 2601 891 2666 Codin,
916 2602 994 2655 Plan.
1014 2605 1043 2655 et
1063 2601 1142 2655 Dion.
1161 2603 1225 2669 Byz.
1245 2599 1304 2669 (qui

184 2689 236 2757 ἐγὼ
260 2691 381 2754 omisitl;
409 2690 510 2756 οὔνομα
537 2691 560 2743 δ’
585 2690 617 2758 ἦν
642 2690 760 2756 Δάμαλις
776 2691 855 2743 Ιτότε·
888 2698 935 2743 νῦν
960 2688 989 2742 δὲ
1012 2689 1150 2758 χαραχδέν
1172 2688 1174 2755 l
1200 2691 1304 2758 βοίδιον

187 2781 281 2848 Heyne
307 2797 404 2833 comm.
432 2779 558 2850 Gotting.
578 2780 616 2833 XI
641 2778 778 2845 (1790191)
805 2780 870 2834 hist.
895 2781 992 2849 philol.
1021 2799 1047 2849 p.
1072 2784 1088 2834 6
1117 2784 1190 2843 not.;
1221 2781 1247 2848 β.
1276 2778 1305 2831 δὲ

185 2868 295 2933 nodedu*
315 2867 368 2935 ἐγὼ
388 2868 426 2926 ὡς
445 2869 502 2919 τότε
520 2868 629 2932 Jacobs,
648 2869 674 2935 β.
696 2867 725 2920 δὲ
742 2869 875 2935 καλοῦμαι
894 2869 935 2920 ἔθ’
949 2867 987 2927 ὥς
1002 2870 1059 2920 τότε
1078 2869 1187 2924 Hecker
1205 2887 1303 2924 comm.

185 2959 219 3012 de
238 2958 324 3012 Anth.
336 2959 401 3027 gal
420 2977 446 3027 p.
461 2961 494 3012 77
515 2957 589 3025 quod
608 2959 714 3026 recepit
733 2958 846 3012 Dlibner
867 2959 885 3011 i.
902 2977 925 3013 e.
945 2962 973 3013 et
993 2959 1058 3012 viva
1077 2959 1195 3013 Bcidion
1215 2959 1304 3013 nomi·

185 3048 274 3101 nabar
297 3051 325 3102 et
351 3066 425 3101 nunc
447 3051 561 3117 propter
581 3047 658 3101 bovis
678 3051 816 3110 statuam3
843 3048 928 3102 verba
947 3055 994 3100 νῦν
1013 3046 1043 3100 δὲ
1062 3052 1129 3110 etc,
1154 3051 1185 3102 ut
1204 3049 1304 3102 Jacobs

185 3137 290 3205 optime
310 3136 527 3198 animadvertit,
553 3136 785 3204 praecedentibus
805 3153 860 3190 non
881 3141 946 3190 sunt
965 3137 1109 3206 opposita,
1135 3138 1182 3191 sed
1201 3155 1302 3192 novum

186 3225 251 3292 quid
272 3225 389 3278 addunt.

274 3329 369 3395 Initio
394 3331 485 3395 huius
508 3331 623 3394 saeculi
640 3331 751 3416 Heyne
775 3331 904 3416 longam
928 3333 1176 3398 dissertationem
1202 3333 1305 3398 emisit

190 3441 244 3516 „de
274 3439 437 3503 Damalide
461 3437 602 3502 Charetis
632 3439 793 3519 uxore“¹);
826 3439 919 3503 fidem
945 3440 1044 3524 igitur
1068 3440 1179 3504 habuit
1205 3440 1304 3525 Hesy-

186 3546 256 3609 chio
280 3546 403 3610 Milesio
427 3544 570 3609 Charetis
602 3545 688 3608 ducis
715 3545 953 3609 Atheniensium
981 3546 1123 3632 coniugis
1147 3547 1304 3611 Damalidi

186 3674 299 3716 nomen
324 3652 418 3716 fuisse
441 3651 579 3716 testanti.
620 3651 680 3715 Sed
705 3656 736 3714 et
760 3675 797 3716 ex
821 3653 923 3734 primo
939 3652 1072 3717 disticho
1096 3654 1150 3717 ubi
1174 3655 1206 3718 in
1231 3676 1305 3718 voce

185 3759 263 3838 βοῦς
288 3760 367 3822 ludit
391 3763 481 3843 poeta
512 3764 604 3823 etex
629 3758 771 3841 ultimol)
795 3759 886 3822 facile
915 3760 1054 3823 videmus
1078 3759 1210 3823 Boidion
1236 3783 1302 3823 earn

277 3937 301 4004 l)
321 3957 418 3993 comm.
439 3956 492 3993 soc.
512 3957 569 4006 reg.
589 3940 715 4009 Gotting.
736 3943 838 3993 recent.
858 3939 870 3991 l
895 3938 975 4001 (1808
1014 3943 1092 4003 1811)
1112 3939 1176 3992 hist.
1196 3942 1225 3993 et
1244 3938 1305 4006 phi·

187 4031 232 4082 lol.
253 4048 279 4098 p.
299 4031 351 4083 677
361 4047 421 4096 sqq.

274 4115 301 4180 2)
323 4117 418 4186 Heyne
438 4118 505 4186 quid
524 4118 655 4172 ultimum
676 4119 744 4172 velit
762 4118 902 4172 distichon
921 4116 1092 4172 intellexisse
1113 4133 1167 4168 non
1181 4115 1303 4169 videtur:
