2986 4726
676 327 895 388 ,46-

225 501 421 588 Lycurgum)
445 524 502 585 pro
518 503 774 586 inscriptionibus
790 502 939 567 vendidit.
973 503 1041 580 Qua
1057 509 1162 568 autem
1184 528 1217 568 re
1243 504 1346 587 potuit

225 610 279 673 ille
303 608 387 673 allici
419 616 454 673 ut
476 608 608 674 loannis
632 611 792 674 cuiusdam
816 633 940 694 prorsus
964 611 1065 693 ignoti
1089 611 1218 674 tltulum
1242 634 1273 675 se
1298 612 1344 674 vi·

225 718 304 780 disse
321 719 545 781 ementiretur?
585 717 654 793 Quo
674 719 794 782 accedIt
817 718 900 802 quod
924 719 1120 801 epigramma
1141 719 1199 782 etsi
1216 718 1344 803 Kyriaci

225 825 403 888 testimonio
426 846 621 901 carmemm,
654 826 762 908 utique
786 848 843 908 pro
868 825 1070 908 inscriptione
1095 830 1142 889 est
1165 826 1345 889 habendum

225 953 285 993 non
319 933 421 994 minus
453 955 548 1015 quam
579 932 716 996 eiusdem
746 932 817 996 libri
850 955 881 995 n.
906 935 980 996 670.
1014 934 1087 996 671.
1122 933 1196 996 673.
1243 929 1345 995 Immo

224 1039 383 1120 superavit
415 1039 470 1103 illu
503 1040 664 1122 inscriptio
701 1044 735 1102 ut
770 1040 887 1102 multae
922 1039 1169 1122 Anthologiae¹)
1205 1044 1344 1102 veterum

225 1146 389 1210 nationum
405 1151 542 1211 aetatem
566 1151 597 1211 et
619 1150 688 1209 tum
712 1148 806 1210 etium
824 1146 968 1210 exstabat
991 1168 1062 1210 cum
1080 1145 1234 1229 Kyriacus
1252 1146 1345 1209 Asiae

224 1253 354 1316 minoris
378 1252 470 1316 urbes
494 1253 706 1336 perlustrabat
731 1253 772 1334 (v.
798 1251 865 1316 CIL
893 1251 939 1316 ΙΙΙ
971 1276 1001 1335 p.
1027 1251 1144 1332 XXII).

313 1370 343 1431 2.
366 1359 413 1430 Ἐν
437 1369 476 1452 τῇ
501 1360 594 1431 πόλει
618 1360 775 1452 Σάρδεων.
817 1369 957 1432 Riccard.
991 1370 1041 1432 21.
1082 1367 1273 1433 0163457.
1304 1406 1342 1412 --

226 1475 299 1539 Var.
323 1474 394 1540 lect.
419 1476 471 1556 (ud
497 1475 629 1558 exempl.
656 1475 709 1555 ul)
746 1479 776 1539 4.
802 1495 984 1551 αντωνινον,
1021 1477 1050 1538 8.
1076 1494 1242 1559 crepacore.

314 1594 342 1654 3.
368 1583 414 1654 Ἐν
439 1592 476 1675 τῇ
502 1583 582 1675 αὐτῇ
607 1584 710 1654 πόλει.
738 1592 821 1656 Ricc.
849 1595 894 1655 15.
919 1590 958 1654 Cl
984 1593 1080 1654 3462.
1108 1629 1148 1634 -
1174 1591 1249 1655 Var.
1274 1591 1344 1656 lect.

227 1701 257 1762 4.
282 1720 371 1782 pecco
394 1701 533 1778 τιβεριον
556 1697 707 1761 κλαυὸιον
731 1699 778 1763 bis
802 1700 936 1783 positum
961 1703 1016 1762 est.

314 1817 343 1877 4.
367 1805 414 1876 Ἐν
445 1813 484 1899 τῇ
518 1807 598 1898 αὐτῇ
628 1806 733 1877 πόλει.
784 1813 867 1878 Ricc.
898 1816 944 1877 13.
986 1812 1147 1877 013461.
1179 1851 1221 1858 -
1253 1814 1291 1878 V.
1324 1814 1344 1877 1.

228 1924 254 1984 1.
279 1923 452 1999 βωννατον,
478 1924 508 1984 4.
534 1921 674 1996 nolarum
698 1923 778 2005 quod
805 1922 867 1984 iam
883 1921 1019 1983 correxit
1039 1919 1177 1997 Boeclrh‚
1206 1921 1255 1984 10.
1281 1943 1346 1982 πα-

225 2047 285 2103 σας
308 2049 367 2102 τας
391 2050 499 2109 αρχας.

314 2148 343 2207 5.
367 2135 414 2206 Ἕν
438 2140 477 2230 τῇ
501 2138 585 2207 κατά
608 2136 726 2207 Ἰωνίαν
751 2138 897 2228 Φωκαίᾳ.
938 2144 1021 2207 Ricc.
1041 2145 1091 2207 16.
1125 2143 1278 2207 013415.
1305 2181 1346 2186 -

225 2250 264 2312 V.
299 2251 318 2314 l.
355 2253 384 2314 2.
416 2271 537 2330 μοσχου
569 2254 651 2336 quod
685 2252 906 2317 emendaverat
937 2249 1082 2326 Boeckh‚
1119 2252 1149 2313 3.
1183 2267 1346 2329 αριστιων,
1411 2251 1421 2271 ‘

225 2361 254 2422 7.
278 2378 492 2442 κοσμιοτητος
516 2360 599 2443 quod
623 2359 844 2423 emendaverat
871 2355 1007 2422 Boeclrh.

312 2479 342 2537 6.
366 2465 414 2537 Ἐν
443 2476 483 2561 τῇ
514 2466 595 2560 ader]
628 2466 731 2537 πόλει.
781 2474 864 2537 Rico.
893 2473 942 2535 18.
990 2470 1029 2536 ul
1061 2473 1158 2535 3412.
1189 2509 1230 2515 -
1261 2471 1298 2533 V.
1324 2470 1344 2533 l.

227 2582 254 2643 1.
280 2601 452 2664 καισσαρα,
478 2584 508 2646 2.
535 2603 743 2666 σεφφτιμιον.
1364 2599 1366 2602 ⁴

313 2700 342 2762 7.
366 2686 414 2759 'Er
437 2696 478 2782 τῇ
502 2689 584 2782 αὐτῇ
607 2691 710 2760 πόλει.
746 2696 828 2760 uice
858 2699 909 2773 17,
943 2696 1029 2758 deest
1061 2695 1095 2758 in
1119 2692 1168 2757 01.
1199 2730 1241 2738 -
1265 2691 1305 2756 V.
1323 2693 1343 2756 l.

224 2806 387 2888 Αθηναιη
412 2795 589 2889 (Ἀθηναίῃ
613 2802 724 2886 Rieu).

314 2924 342 2985 8.
366 2913 413 2985 'Ev
438 2911 534 3005 Κύμῃ
560 2920 600 3005 τῇ
624 2912 771 2981 Αἰολίδι.
822 2917 904 2982 Ricc.
933 2918 981 2981 19.
1018 2917 1167 2982 013527
1198 2939 1253 2996 „ex
1276 2915 1345 3000 Ky-

223 3030 299 3093 rieci
323 3024 441 3093 scholio
466 3028 504 3092 ad
527 3027 724 3092 Strabonem.
750 3049 778 3087 r.
799 3025 939 3090 vKramer
962 3025 999 3088 de
1020 3024 1082 3088 Str.
1107 3023 1195 3088 codd.
1220 3046 1249 3106 p.
1270 3024 1343 3085 15“.

223 3174 266 3180 -
290 3134 329 3200 V.
354 3136 374 3198 l.
399 3154 585 3219 χρηστηριω.

313 3241 475 3336 9411τῇ
499 3239 585 3336 νήσῳ
610 3243 700 3331 Xr'rp·
741 3250 826 3315 Ricc.
853 3252 881 3315 7.
919 3248 1069 3313 012218
1104 3269 1159 3325 „ex
1183 3246 1250 3310 cod.
1276 3244 1344 3309 Me-

223 3359 308 3421 diceo
336 3359 383 3423 ed.
408 3357 494 3441 Spon
519 3357 606 3421 Misc.
633 3357 671 3420 X.
697 3358 736 3420 61
769 3380 799 3439 p.
825 3358 906 3420 340⁸
941 3356 996 3437 qui
1019 3356 1116 3418 codex
1139 3376 1212 3415 num
1238 3356 1344 3415 noster

222 3465 318 3529 fuerit
341 3457 460 3527 dubito.
485 3501 527 3508 -
551 3463 592 3528 V.
616 3463 636 3527 l.
663 3465 691 3527 1.
716 3463 869 3542 αεμιλιον.

315 3581 364 3645 10.
388 3572 446 3654 Εἰς
468 3571 524 3640 τὸν
549 3573 582 3640 ἒν
605 3574 735 3660 Κυζικῷ
759 3568 845 3640 ναόν.

223 3715 433 3724 *m

314 3785 339 3852 1)
358 3805 383 3840 v.
403 3784 525 3839 Kaibelii
544 3784 664 3839 indicem
684 3783 834 3852 septimum
853 3781 947 3846 (addez
968 3779 1005 3834 IX
1024 3782 1076 3835 682
1097 3801 1127 3822 =
1151 3777 1237 3844 1061),
1256 3777 1342 3846 Ltwy

223 3874 408 3944 Archeepigr.
434 3875 507 3928 Mitt.
534 3891 583 3926 aus
610 3872 730 3926 Oesterr.
751 3870 802 3924 VII
829 3873 878 3924 125
889 3887 949 3939 sqq.
970 3890 1001 3912 =
1021 3869 1071 3922 XV
1093 3872 1139 3932 11,
1167 3868 1247 3921 Arch.
1272 3866 1341 3920 Zeit.

225 3967 301 4020 1879.
322 3967 370 4018 151
393 3983 424 4004 =
444 3962 509 4015 XIII
530 3965 571 4027 16,
591 3962 656 4016 alia.
692 3962 731 4016 De
750 3960 839 4015 tribus
859 3959 923 4012 libri
943 3958 1007 4012 XIV
1027 3956 1247 4026 epigrammatis,
1268 3971 1340 4023 quae

223 4054 354 4106 dicuntur
373 4050 460 4104 Iconii
479 4051 509 4102 in
528 4050 669 4119 lapidibus
688 4052 799 4120 reperta
818 4065 876 4103 esse
895 4047 969 4101 inira
988 4046 1089 4100 dicam.
