2986 4726
627 337 843 400 -35-

172 512 264 575 datur
287 513 318 575 in
338 510 442 577 Midae
465 513 636 596 epitaphio,
661 516 714 578 sed
738 538 808 580 oum
832 516 864 579 id
888 520 1038 599 quattuor
1056 516 1196 581 versibus
1219 539 1295 583 con-

172 620 263 683 tineri
295 642 390 702 supra
421 622 667 686 demonstratum
698 622 755 701 sit,
790 623 823 686 in
855 625 968 706 quibus
1000 623 1080 687 nihil
1104 629 1296 689 memoratur

173 734 296 809 praeter
319 752 433 812 aquarn
457 735 489 792 et
512 730 648 807 arbores,
674 731 705 794 hi
730 732 857 814 quidem
881 730 1023 796 Cleobuli
1047 754 1111 797 esse
1135 755 1198 797 non
1222 755 1294 814 pos·

171 836 283 917 sunt.¹)
324 837 424 900 lmmo
449 843 504 900 aut
527 838 621 901 fallor
644 845 699 902 aut
722 839 871 904 inferiore
889 845 991 904 aetate
1015 841 1295 925 grammaticorum

172 945 285 1026 aliquis
316 967 387 1008 cum
410 945 645 1010 similitudinem
672 948 831 1029 quandam
863 948 947 1011 inter
970 946 1074 1011 Midae
1098 947 1294 1030 epitaphium

171 1056 202 1114 et
226 1051 368 1116 Cleobuli
391 1074 536 1128 carmen,
561 1054 644 1135 quod
668 1076 705 1118 ex
727 1054 794 1117 sola
818 1052 987 1118 Simonidis
1010 1054 1211 1119 cavillatione
1235 1076 1291 1117 no-

173 1164 278 1236 verat,
302 1160 492 1225 intercedere
523 1161 809 1240 animadvertisset,
834 1185 895 1226 non
920 1162 1043 1226 diversa
1066 1184 1131 1226 esse
1155 1163 1295 1226 carmina

172 1270 267 1340 ratus
291 1266 337 1330 illi
363 1272 398 1329 ut
421 1267 589 1331 Simonidis
613 1269 715 1333 verbis
740 1269 949 1349 responderet,
979 1266 1112 1330 alterum
1137 1265 1293 1329 distichon

173 1374 320 1450 inseruit,
355 1375 484 1438 minime
514 1397 627 1439 curans
658 1376 701 1438 sio
733 1374 827 1439 tertio
850 1396 939 1438 versu
972 1374 1054 1436 idem
1078 1372 1217 1455 pleniore
1241 1393 1294 1436 ore

172 1481 232 1544 dici
256 1481 339 1563 quod
363 1483 426 1544 iam
448 1483 574 1546 secundi
599 1483 702 1546 verbis
726 1471 813 1562 tfdoa
835 1502 871 1543 τε
894 1473 955 1565 νάῃ
979 1479 1196 1557 οοηὲίηθῖῑπὲ)

260 1587 385 1662 Quanta
409 1594 455 1652 est
470 1593 611 1653 veterum
628 1594 790 1652 auctorum
808 1589 955 1652 dissensio
978 1588 1012 1650 in
1029 1591 1118 1651 textu
1134 1587 1294 1669 epigram-

173 1697 264 1758 matis
280 1696 442 1771 tradendo,
459 1700 566 1759 tantus
581 1696 722 1760 omnium
738 1696 770 1758 in
788 1716 823 1758 eo
840 1700 886 1758 est
901 1716 1077 1771 consensus,
1095 1693 1178 1776 quod
1195 1693 1226 1755 in
1244 1715 1292 1756 se-

172 1802 281 1883 pulcro
309 1801 414 1866 Midae
437 1802 600 1887 Phrygum
634 1804 717 1887 regis
747 1825 852 1866 versus
881 1802 1053 1885 insculptos
1077 1823 1140 1864 esse
1164 1805 1294 1865 conten-

173 1908 259 1970 dunt.
294 1908 375 1984 Quid
399 1910 481 1991 quod
507 1908 556 1972 Ps.
582 1908 760 1973 Herodotus
784 1932 840 1973 sua
865 1913 966 1972 aetate
990 1929 1041 1971 eos
1066 1907 1097 1970 in
1122 1907 1214 1990 cippo
1238 1929 1292 1971 ex·

171 2020 254 2079 stare
276 2017 339 2078 ait!
375 2014 487 2098 Neque
511 2017 676 2099 quisquam
701 2017 766 2079 fere
790 2038 908 2092 eorum,
933 2015 987 2098 qui
1014 2015 1051 2077 de
1067 2015 1295 2097 epigrammate

172 2121 350 2205 egerunt‚³l
386 2122 483 2185 ullam
507 2122 735 2186 dubitationem
759 2122 874 2186 movit:
907 2121 1003 2185 veluti
1029 2120 1135 2204 Bergk
1159 2120 1198 2183 ad
1222 2143 1294 2183 eum

173 2228 291 2291 Midam
315 2229 370 2310 qui
394 2251 457 2291 una
481 2233 513 2292 et
536 2228 682 2292 vicesima
705 2229 884 2312 olympiade
907 2227 1154 2309 irrumpentibus
1178 2226 1210 2288 in
1232 2225 1295 2309 Ly-

172 2335 253 2397 diam
279 2333 453 2397 Cimmeriis
477 2339 618 2398 mortuus
642 2341 702 2411 est,
726 2334 924 2399 referendum
948 2356 1012 2398 esse
1035 2333 1176 2415 putavit,
1203 2331 1294 2394 Dun-

172 2442 245 2505 cker
268 2462 341 2506 vero
374 2442 412 2504 ad
437 2442 574 2505 eiusdem
597 2441 732 2506 nominis
756 2462 862 2524 regem
894 2440 949 2523 qui
978 2441 1060 2504 circa
1085 2461 1202 2502 annum
1230 2439 1293 2502 600

171 2548 225 2631 (ol.
247 2549 302 2628 45)
327 2548 493 2629 vixisset.⁴)
529 2548 647 2624 Quibus
671 2570 729 2633 ego
754 2550 898 2612 accedere
922 2569 985 2610 non
1008 2568 1150 2629 possum:
1177 2547 1292 2610 etenim

261 2710 285 2774 1)
305 2709 421 2778 Saepius
448 2710 545 2778 cippus
571 2713 601 2762 ut
621 2708 754 2766 ἀθάνατος
775 2708 938 2761 mortalibus
959 2708 1162 2776 opponitu1·‚v.
1183 2709 1227 2761 Ps.
1249 2709 1290 2762 Si-

170 2815 242 2851 mon.
264 2801 314 2852 123
334 2799 412 2867 Bglr„
434 2798 533 2852 Kaibel
553 2797 598 2852 EG
620 2802 651 2851 21
673 2801 702 2851 et
720 2802 762 2851 70.

258 2885 284 2953 2)
304 2890 338 2941 of.
359 2887 456 2951 Hiller‚
482 2887 534 2939 Rh.
553 2887 621 2939 Mus.
643 2888 766 2942 33.Ᾰὸ24.
803 2884 901 2952 Neque
920 2885 1013 2952 potuit
1033 2884 1189 2938 Simonides
1209 2885 1232 2938 si
1251 2885 1291 2938 in·

169 2977 347 3047 scriptionem
368 2995 424 3046 qua
442 2994 585 3031 aeneum
603 2978 813 3029 monumentum
839 2973 933 3027 omnia
953 2974 1010 3027 alia
1029 2991 1160 3042 superare
1180 2974 1289 3042 praedi·

169 3069 256 3127 catur,
276 3065 416 3129 irrisisset,
436 3065 470 3119 de
490 3066 548 3119 solo
568 3065 687 3133 lapide
706 3062 781 3128 (ud)
801 3063 887 3131 loqui.
908 3091 940 3098 —
961 3062 1054 3132 Bergk
1072 3081 1113 3129 gr.
1131 3063 1185 3116 Lit.
1201 3066 1223 3116 1.
1238 3065 1290 3117 799

168 3154 294 3208 Cleobuli
312 3172 416 3218 versus,
436 3172 504 3222 quos
524 3153 593 3208 Ceus
612 3157 697 3222 poeta
716 3151 889 3221 perstringit,
910 3151 1024 3205 titulum
1043 3151 1227 3219 sepulcralem
1247 3151 1288 3220 ig-

167 3243 226 3297 noti
246 3244 390 3297 cuiusdam
411 3244 513 3298 Rhodii
533 3243 652 3297 hominis
672 3260 731 3298 esse
751 3245 846 3296 censet
871 3242 1080 3307 assentiturque
1098 3240 1141 3294 Jo.
1161 3240 1289 3294 Schmidt

167 3333 196 3398 (l.
210 3331 248 3398 1.),
269 3333 317 3402 qui
336 3336 365 3387 et
379 3332 471 3386 Midae
491 3331 629 3400 epitaphii
649 3334 791 3384 auctorem
810 3334 839 3384 et
858 3330 1023 3384 Cleobulum
1044 3333 1183 3383 vetustum
1203 3329 1288 3396 quod·

166 3421 231 3474 dam
249 3423 384 3491 populare
404 3438 515 3474 carmen
535 3419 695 3474 imitatione
714 3419 881 3487 expressisse
901 3423 952 3487 put
972 3423 991 3472 t.

254 3513 281 3575 3)
300 3511 377 3564 Unus
397 3510 470 3578 quod
490 3509 576 3562 sciam
597 3509 739 3563 dubitavit
759 3508 835 3573 Sittl,
854 3527 895 3577 gr.
915 3509 1076 3576 Lit.-gesat.
1098 3512 1121 3560 1.
1141 3511 1205 3562 239:
1237 3507 1286 3571 „Es

165 3599 322 3668 ermangelt
348 3600 427 3653 indes
453 3617 483 3652 so
509 3600 573 3652 sehr
596 3599 666 3652 aller
684 3598 878 3668 persdnlichen
900 3597 1109 3665 Beziehungen‚
1139 3597 1202 3650 dass
1221 3615 1288 3650 man

165 3686 247 3756 billig
267 3687 354 3741 daran
374 3689 499 3742 aweifeln
519 3688 589 3751 dari,
609 3689 644 3742 ob
664 3705 692 3741 es
712 3689 796 3757 lange
815 3704 865 3740 vor
883 3687 932 3742 der
951 3686 1091 3740 attischen
1111 3685 1235 3749 Periode‚
1257 3686 1285 3738 in

165 3776 284 3830 welcher
302 3777 351 3830 das
371 3777 533 3846 Epigramm
553 3778 649 3831 seinen
669 3777 892 3846 epideilrtischen
911 3775 1067 3829 Charakter
1085 3791 1213 3844 gewann,
1240 3791 1287 3842 ge·

164 3865 272 3919 dichtet
291 3864 358 3919 sei“.
796 3867 799 3876 '

251 3952 277 4019 4)
298 3953 416 4008 Exstant
440 3953 469 4006 in
493 3954 566 4008 valle
587 3954 734 4022 Doghanlu
758 3955 841 4022 plura
862 3953 1000 4022 Phrygiae
1025 3969 1123 4021 regum
1149 3952 1286 4020 sepulcra,

162 4044 191 4098 in
217 4061 332 4112 quorum
360 4059 414 4096 uno
437 4042 558 4112 phrygia
584 4042 682 4110 lingua
708 4043 755 4097 sed
780 4043 883 4097 litteris
910 4043 1017 4112 graecis
1042 4041 1218 4110 epitaphium
1245 4041 1286 4094 in·

1088 4130 1123 4184 3*
