2970 4734
690 345 885 407 „2d

227 519 345 603 primus
381 521 463 583 enim
499 545 561 585 non
597 545 696 604 pauca
731 525 959 608 epigrammata
994 546 1074 607 quae
1110 524 1204 588 etiam
1240 526 1346 588 multis

228 629 317 691 annis
342 633 411 710 post
434 633 528 712 atque
561 629 637 693 adeo
671 636 776 694 nostra
807 637 908 695 aetate
939 632 1095 714 genuinae
1127 632 1346 695 existimantur

226 735 454 817 inscriptiones,
479 736 546 800 iure
571 737 660 801 obelo
684 738 815 801 notavit.
861 737 959 800 Velut
983 738 1176 820 epitaphium
1202 737 1345 802 Charetis

227 841 331 906 uxoris
357 840 398 920 (v.
424 847 519 924 caput
543 841 635 920 Vlll)
659 844 860 908 subditicium
894 867 959 909 esse
982 843 1151 922 intellexit,
1183 867 1253 909 curn
1279 846 1345 909 fere

227 953 297 1030 post
320 949 552 1032 quinquaginta
576 972 674 1014 annos
699 949 809 1034 Heyne
833 952 865 1014 in
890 952 995 1034 ampla
1019 974 1114 1034 quam
1138 953 1262 1034 scripsit
1290 952 1345 1029 ,de

227 1042 678 1121 DamalideCha1·etisuxore“
700 1058 920 1140 disputatione,
939 1081 977 1122 ne
998 1059 1203 1141 suspicionem
1218 1058 1342 1140 quidem

227 1163 263 1226 de
294 1162 420 1226 testium
453 1164 513 1227 fide
549 1168 643 1248 atque
679 1165 865 1228 auctoritate
900 1170 1049 1229 moveret.
1105 1165 1192 1228 ldeni
1227 1166 1344 1247 primus

227 1267 593 1339 Pseudo-Simonideum
624 1269 699 1331 illud
736 1269 840 1334 185ss
865 1270 947 1354 ng.
981 1272 1014 1333 in
1045 1272 1204 1353 crepidine
1235 1272 1344 1336 colossi

226 1373 341 1439 Rhodii
373 1376 559 1458 inscriptum
592 1376 687 1440 fuisse
720 1378 849 1461 negavit
880 1382 910 1441 et
934 1377 1139 1463 Constantino
1152 1378 1344 1461 Porphyro-

226 1488 371 1565 gennet0,
397 1505 489 1565 quem
513 1504 612 1564 nuper
634 1483 769 1547 Lueders
794 1482 861 1562 (der
885 1484 997 1548 Koloss
1021 1508 1059 1548 nu
1085 1485 1219 1561 Rhodos,
1247 1486 1344 1561 1865)

225 1593 348 1653 secutus
371 1594 426 1667 est,
451 1591 569 1672 optimo
586 1591 653 1654 inre
677 1612 801 1654 omnem
822 1590 986 1674 derogavit
1001 1592 1104 1654 fidem.
1123 1628 1163 1634 —
1181 1589 1248 1653 larn
1271 1594 1344 1653 ante

225 1701 402 1777 postumum
435 1698 495 1761 hoc
523 1697 630 1761 Maffci
654 1696 838 1780 opusculum
870 1697 1043 1762 Bonadae
1074 1697 1286 1779 anthologia¹)
1311 1697 1343 1758 in

225 1802 326 1866 lucem
350 1805 517 1886 prodierat,
541 1805 574 1869 in
598 1826 660 1887 qna
684 1808 810 1869 centum
833 1805 899 1867 fere
923 1805 1154 1889 epigrammata
1181 1827 1218 1867 ex
1243 1804 1344 1867 Hero-

225 1910 297 1973 doto
333 1910 470 1975 Diodoro
506 1911 662 1976 Pausania
698 1912 867 1976 Plutarcho
903 1912 1046 1995 Diogene
1083 1912 1208 1975 Laertio
1246 1912 1344 1993 petita

225 2017 323 2080 mixta
362 2017 511 2101 leguntur
550 2040 620 2081 cum
659 2018 795 2082 metricis
833 2018 973 2100 lapidum
1020 2019 1274 2100 inscriptionibus
1314 2024 1345 2082 et

224 2126 345 2207 graecis
361 2131 392 2189 et
408 2126 523 2190 latinis.
564 2125 625 2190 Sed
642 2149 712 2190 cum
729 2125 954 2208 professor'ille
970 2125 1166 2207 eloquentiae
1186 2123 1343 2188 Romanus

225 2233 365 2313 pessimis
389 2233 577 2297 editionibus
605 2255 678 2296 usus
702 2255 767 2296 esse
791 2233 932 2297 videatur
964 2237 995 2296 et
1027 2238 1091 2296 tam
1117 2254 1224 2314 expers
1248 2232 1344 2295 fuerit

224 2339 299 2402 artis
329 2339 474 2416 criticae,
507 2344 542 2402 ut
573 2363 652 2423 quae
681 2340 809 2404 exhibet
841 2340 937 2405 verba
970 2362 1062 2421 saepe
1095 2344 1193 2402 metro
1225 2339 1342 2402 includi

225 2451 379 2524 recusent,
403 2446 483 2510 nihil
508 2447 636 2510 omnino
660 2470 698 2511 ex
722 2447 787 2510 eius
811 2447 892 2510 libro
915 2446 1029 2509 lucrari
1055 2468 1224 2528 possumus

312 2570 504 2653 Stephano
529 2575 699 2654 praeeunte
723 2591 869 2653 magnam
895 2574 1016 2651 partem
1033 2569 1235 2651 poeticarum,
1261 2591 1341 2651 quae

223 2677 255 2738 in
286 2679 473 2761 scriptorum
502 2678 590 2742 libris
623 2681 805 2755 occurrunt,
837 2676 1074 2758 inscriptionum
1107 2675 1275 2738 Brunck
1308 2676 1339 2736 in

136 2813 139 2818 ·
225 2784 377 2848 Analecta
408 2807 464 2847 sua
495 2789 634 2848 veterum
667 2789 830 2866 poetarum
863 2785 997 2865 recepit,
1032 2804 1133 2865 neque
1167 2787 1271 2845 tamen
1305 2804 1340 2845 eo

223 2892 351 2954 consilio
378 2896 412 2954 ut
434 2892 472 2954 iis
496 2891 734 2973 inscriptionum
760 2912 871 2972 corpus
895 2889 1069 2973 suppleret,
1093 2890 1123 2952 id
1148 2889 1230 2988 quod
1255 2887 1340 2950 Mor-

223 2998 282 3060 hof
303 3003 334 3062 et
356 2998 469 3081 reliqui
492 2999 678 3074 studebant,
713 2999 763 3061 sed
790 3003 825 3060 ut
855 2998 940 3060 lusus
972 3001 1134 3079 poetarum
1167 2987 1338 3081 colligeret.

222 3103 272 3166 Ne
296 3103 434 3166 Jacobs
464 3104 589 3185 quidem
618 3105 683 3181 ,vir
711 3106 748 3167 de
773 3103 968 3186 Anthologia
1000 3108 1030 3166 et
1061 3104 1212 3165 universis
1243 3102 1351 3272 [Quis¹

223 3211 342 3292 graecis
372 3210 592 3274 immortaliter
629 3211 774 3274 rnen'tus“
811 3209 1039 3292 epigrammata
1070 3231 1149 3292 quae
1179 3209 1340 3270 saxis-sn-

222 3316 344 3398 sculpta
368 3316 461 3380 fuisse
486 3321 680 3398 compertum
705 3317 865 3393 habemus
890 3339 908 3378 a
929 3316 1180 3379 demonstrativis
1195 3314 1338 3389 seiunxit,

222 3422 274 3485 scd
291 3422 516 3486 Analectorum
541 3423 681 3486 carmina
703 3427 752 3485 sat
775 3422 881 3485 multis
905 3422 1099 3485 aBrunchio
1115 3421 1340 3504 praetermissis
1369 3456 1372 3463 ·
1424 3416 1427 3423 ’

223 3529 311 3591 auxit
334 3534 364 3591 et
388 3533 542 3611 quotquot
566 3530 678 3594 desunt
700 3530 731 3592 in
758 3530 862 3593 codice
887 3528 1031 3592 Palatino
1055 3534 1085 3591 et
1109 3528 1197 3592 libris
1222 3519 1339 3589 Plania-

313 3794 338 3858 1)
372 3794 516 3858 ,Carmina
535 3811 569 3848 ex
588 3795 712 3862 antiquis
732 3794 872 3862 lapidibus
892 3794 1134 3848 dissertationibus
1159 3811 1191 3847 ac
1215 3794 1288 3846 notis
1308 3794 1340 3845 il·

224 3884 343 3937 lustrata
358 3902 374 3936 a
388 3885 430 3937 l‘r.
445 3885 480 3936 M.
495 3884 610 3937 Bonada
623 3884 799 3951 eloquentiae
812 3883 992 3952 prot'essore“.
1007 3887 1022 3935 2
1035 3883 1097 3936 voll.
1111 3884 1188 3936 Rom.
1201 3887 1266 3935 1751
1279 3899 1338 3948 sqq.

223 3972 319 4026 Simile
339 3989 407 4041 opus
428 3990 539 4041 parasse
558 3973 766 4025 Dorvillium
787 3972 874 4025 tradit
893 3972 1023 4025 Welcker
1043 3973 1071 4023 in
1090 3972 1264 4039 praefatione
1286 3971 1338 4037 syl-

224 4063 305 4128 logae
325 4080 351 4129 p.
367 4061 412 4114 IX.
