<?xml version="1.0" encoding="UTF-8"?>
<!DOCTYPE html PUBLIC "-//W3C//DTD XHTML 1.0 Transitional//EN"
    "http://www.w3.org/TR/xhtml1/DTD/xhtml1-transitional.dtd">
<html xmlns="http://www.w3.org/1999/xhtml" xml:lang="en" lang="en">
 <head>
  <title>
</title>
<meta http-equiv="Content-Type" content="text/html;charset=utf-8" />
  <meta name='ocr-system' content='tesseract 3.04.00' />
  <meta name='ocr-capabilities' content='ocr_page ocr_carea ocr_par ocr_line ocrx_word'/>
</head>
<body>
  <div class='ocr_page' id='page_1' title='image "./deepigrammatisg00ancogoog_0022.png"; bbox 0 0 2986 4726; ppageno 0'>
   <div class='ocr_carea' id='block_1_1' title="bbox 632 339 852 410">
    <p class='ocr_par' dir='ltr' id='par_1_1' title="bbox 632 339 852 410">
     <span class='ocr_line' id='line_1_1' title="bbox 632 339 852 410; baseline -0.032 0"><span class='ocrx_word' id='word_1_1' title='bbox 632 339 852 410; x_wconf 50' lang='lat' dir='ltr'>.—13ss</span> 
     </span>
    </p>
   </div>
   <div class='ocr_carea' id='block_1_2' title="bbox 141 517 1304 2506">
    <p class='ocr_par' dir='ltr' id='par_1_2' title="bbox 141 517 1304 2183">
     <span class='ocr_line' id='line_1_2' title="bbox 182 517 1301 602; baseline 0 -21"><span class='ocrx_word' id='word_1_2' title='bbox 182 518 242 582; x_wconf 92' lang='lat' dir='ltr'>hoc</span> <span class='ocrx_word' id='word_1_3' title='bbox 266 523 372 582; x_wconf 91' lang='lat' dir='ltr'>votum</span> <span class='ocrx_word' id='word_1_4' title='bbox 396 517 550 582; x_wconf 86' lang='lat' dir='ltr'>solventes</span> <span class='ocrx_word' id='word_1_5' title='bbox 574 517 719 582; x_wconf 88' lang='lat' dir='ltr'>dedicant</span> <span class='ocrx_word' id='word_1_6' title='bbox 743 517 857 582; x_wconf 88' lang='lat' dir='ltr'>Veneri</span> <span class='ocrx_word' id='word_1_7' title='bbox 882 517 1046 581; x_wconf 89' lang='lat' dir='ltr'>donarium</span> <span class='ocrx_word' id='word_1_8' title='bbox 1071 518 1121 582; x_wconf 92' lang='lat' dir='ltr'>cui</span> <span class='ocrx_word' id='word_1_9' title='bbox 1154 517 1301 602; x_wconf 78' lang='lat' dir='ltr'>adscripti</span> 
     </span>
     <span class='ocr_line' id='line_1_3' title="bbox 183 623 1300 707; baseline 0 -19"><span class='ocrx_word' id='word_1_10' title='bbox 183 629 256 688; x_wconf 88' lang='lat' dir='ltr'>sunt</span> <span class='ocrx_word' id='word_1_11' title='bbox 279 623 427 707; x_wconf 81' lang='lat' dir='ltr'>versus¹);</span> <span class='ocrx_word' id='word_1_12' title='bbox 452 647 526 687; x_wconf 87' lang='lat' dir='ltr'>nam</span> <span class='ocrx_word' id='word_1_13' title='bbox 550 624 627 688; x_wconf 92' lang='lat' dir='ltr'>haec</span> <span class='ocrx_word' id='word_1_14' title='bbox 650 625 708 688; x_wconf 90' lang='lat' dir='ltr'>dea</span> <span class='ocrx_word' id='word_1_15' title='bbox 731 625 825 688; x_wconf 91' lang='lat' dir='ltr'>saluti</span> <span class='ocrx_word' id='word_1_16' title='bbox 850 628 970 707; x_wconf 77' lang='lat' dir='ltr'>patriae</span> <span class='ocrx_word' id='word_1_17' title='bbox 995 627 1192 707; x_wconf 77' lang='lat' dir='ltr'>patrocinata</span> <span class='ocrx_word' id='word_1_18' title='bbox 1223 631 1300 690; x_wconf 88' lang='lat' dir='ltr'>erat.</span> 
     </span>
     <span class='ocr_line' id='line_1_4' title="bbox 184 730 1301 816; baseline 0.002 -21"><span class='ocrx_word' id='word_1_19' title='bbox 184 730 366 795; x_wconf 86' lang='lat' dir='ltr'>Dedicatam</span> <span class='ocrx_word' id='word_1_20' title='bbox 391 734 495 793; x_wconf 89' lang='lat' dir='ltr'>autem</span> <span class='ocrx_word' id='word_1_21' title='bbox 519 753 537 793; x_wconf 87' lang='lat' dir='ltr'>a</span> <span class='ocrx_word' id='word_1_22' title='bbox 560 731 743 794; x_wconf 90' lang='lat' dir='ltr'>mulieribus</span> <span class='ocrx_word' id='word_1_23' title='bbox 759 753 892 813; x_wconf 88' lang='lat' dir='ltr'>quarum</span> <span class='ocrx_word' id='word_1_24' title='bbox 916 732 1010 795; x_wconf 82' lang='lat' dir='ltr'>index</span> <span class='ocrx_word' id='word_1_25' title='bbox 1033 732 1064 794; x_wconf 91' lang='lat' dir='ltr'>in</span> <span class='ocrx_word' id='word_1_26' title='bbox 1082 732 1175 796; x_wconf 92' lang='lat' dir='ltr'>titulo</span> <span class='ocrx_word' id='word_1_27' title='bbox 1191 755 1301 816; x_wconf 89' lang='lat' dir='ltr'>seque-</span> 
     </span>
     <span class='ocr_line' id='line_1_5' title="bbox 184 836 1302 921; baseline 0.001 -20"><span class='ocrx_word' id='word_1_28' title='bbox 184 839 293 914; x_wconf 74' lang='lat' dir='ltr'>batur,</span> <span class='ocrx_word' id='word_1_29' title='bbox 326 841 474 920; x_wconf 89' lang='lat' dir='ltr'>putamus</span> <span class='ocrx_word' id='word_1_30' title='bbox 497 836 655 912; x_wconf 75' lang='lat' dir='ltr'>tabulam,</span> <span class='ocrx_word' id='word_1_31' title='bbox 686 860 750 920; x_wconf 91' lang='lat' dir='ltr'>qua</span> <span class='ocrx_word' id='word_1_32' title='bbox 780 839 866 920; x_wconf 88' lang='lat' dir='ltr'>ipsae</span> <span class='ocrx_word' id='word_1_33' title='bbox 890 837 1044 902; x_wconf 80' lang='lat' dir='ltr'>Venerem</span> <span class='ocrx_word' id='word_1_34' title='bbox 1077 839 1222 921; x_wconf 83' lang='lat' dir='ltr'>precibus</span> <span class='ocrx_word' id='word_1_35' title='bbox 1247 840 1302 902; x_wconf 88' lang='lat' dir='ltr'>ad·</span> 
     </span>
     <span class='ocr_line' id='line_1_6' title="bbox 182 943 1304 1028; baseline 0 -19"><span class='ocrx_word' id='word_1_36' title='bbox 182 951 290 1010; x_wconf 88' lang='lat' dir='ltr'>euntes</span> <span class='ocrx_word' id='word_1_37' title='bbox 333 946 474 1028; x_wconf 89' lang='lat' dir='ltr'>depictae</span> <span class='ocrx_word' id='word_1_38' title='bbox 510 949 609 1008; x_wconf 89' lang='lat' dir='ltr'>erant.</span> <span class='ocrx_word' id='word_1_39' title='bbox 667 943 734 1007; x_wconf 90' lang='lat' dir='ltr'>Iam</span> <span class='ocrx_word' id='word_1_40' title='bbox 769 945 902 1008; x_wconf 88' lang='lat' dir='ltr'>alterum</span> <span class='ocrx_word' id='word_1_41' title='bbox 941 945 1110 1009; x_wconf 84' lang='lat' dir='ltr'>distichum</span> <span class='ocrx_word' id='word_1_42' title='bbox 1145 946 1304 1028; x_wconf 89' lang='lat' dir='ltr'>aptissime</span> 
     </span>
     <span class='ocr_line' id='line_1_7' title="bbox 183 1050 1302 1135; baseline 0.001 -20"><span class='ocrx_word' id='word_1_43' title='bbox 183 1052 280 1135; x_wconf 89' lang='lat' dir='ltr'>priori</span> <span class='ocrx_word' id='word_1_44' title='bbox 304 1051 507 1135; x_wconf 77' lang='lat' dir='ltr'>adiungitur,</span> <span class='ocrx_word' id='word_1_45' title='bbox 535 1050 599 1114; x_wconf 90' lang='lat' dir='ltr'>iam</span> <span class='ocrx_word' id='word_1_46' title='bbox 624 1051 720 1114; x_wconf 86' lang='lat' dir='ltr'>mirus</span> <span class='ocrx_word' id='word_1_47' title='bbox 744 1050 797 1115; x_wconf 91' lang='lat' dir='ltr'>ille</span> <span class='ocrx_word' id='word_1_48' title='bbox 821 1050 939 1128; x_wconf 77' lang='lat' dir='ltr'>honor,</span> <span class='ocrx_word' id='word_1_49' title='bbox 972 1053 1025 1135; x_wconf 90' lang='lat' dir='ltr'>qui</span> <span class='ocrx_word' id='word_1_50' title='bbox 1051 1052 1234 1117; x_wconf 88' lang='lat' dir='ltr'>mulieribus</span> <span class='ocrx_word' id='word_1_51' title='bbox 1262 1055 1302 1118; x_wconf 92' lang='lat' dir='ltr'>ob</span> 
     </span>
     <span class='ocr_line' id='line_1_8' title="bbox 184 1157 1301 1242; baseline 0.002 -21"><span class='ocrx_word' id='word_1_52' title='bbox 184 1158 395 1242; x_wconf 85' lang='lat' dir='ltr'>precationem</span> <span class='ocrx_word' id='word_1_53' title='bbox 420 1157 523 1222; x_wconf 88' lang='lat' dir='ltr'>nescio</span> <span class='ocrx_word' id='word_1_54' title='bbox 547 1179 643 1239; x_wconf 88' lang='lat' dir='ltr'>quam</span> <span class='ocrx_word' id='word_1_55' title='bbox 667 1157 846 1238; x_wconf 90' lang='lat' dir='ltr'>impertitus</span> <span class='ocrx_word' id='word_1_56' title='bbox 869 1179 933 1221; x_wconf 89' lang='lat' dir='ltr'>esse</span> <span class='ocrx_word' id='word_1_57' title='bbox 955 1158 1125 1233; x_wconf 86' lang='lat' dir='ltr'>dicebatur,</span> <span class='ocrx_word' id='word_1_58' title='bbox 1150 1159 1301 1224; x_wconf 82' lang='lat' dir='ltr'>sublatus,</span> 
     </span>
     <span class='ocr_line' id='line_1_9' title="bbox 141 1264 1302 1350; baseline 0 -21"><span class='ocrx_word' id='word_1_59' title='bbox 141 1345 144 1350; x_wconf 16' lang='grc' dir='ltr'><em>ι</em></span> <span class='ocrx_word' id='word_1_60' title='bbox 184 1264 296 1348; x_wconf 83' lang='lat' dir='ltr'>Neque</span> <span class='ocrx_word' id='word_1_61' title='bbox 327 1264 453 1328; x_wconf 85' lang='lat' dir='ltr'>dissidet</span> <span class='ocrx_word' id='word_1_62' title='bbox 483 1265 575 1346; x_wconf 89' lang='lat' dir='ltr'>quale</span> <span class='ocrx_word' id='word_1_63' title='bbox 605 1264 774 1327; x_wconf 89' lang='lat' dir='ltr'>restituisse</span> <span class='ocrx_word' id='word_1_64' title='bbox 804 1265 893 1328; x_wconf 88' lang='lat' dir='ltr'>nobis</span> <span class='ocrx_word' id='word_1_65' title='bbox 924 1265 1065 1328; x_wconf 85' lang='lat' dir='ltr'>videmur</span> <span class='ocrx_word' id='word_1_66' title='bbox 1097 1266 1302 1349; x_wconf 79' lang='lat' dir='ltr'>epigramma,</span> 
     </span>
     <span class='ocr_line' id='line_1_10' title="bbox 185 1369 1303 1454; baseline 0.002 -20"><span class='ocrx_word' id='word_1_67' title='bbox 185 1393 256 1434; x_wconf 92' lang='lat' dir='ltr'>cum</span> <span class='ocrx_word' id='word_1_68' title='bbox 290 1371 475 1454; x_wconf 79' lang='lat' dir='ltr'>gravissimo</span> <span class='ocrx_word' id='word_1_69' title='bbox 510 1375 637 1434; x_wconf 90' lang='lat' dir='ltr'>auctore</span> <span class='ocrx_word' id='word_1_70' title='bbox 667 1369 871 1452; x_wconf 83' lang='lat' dir='ltr'>Theopompo</span> <span class='ocrx_word' id='word_1_71' title='bbox 906 1371 993 1434; x_wconf 90' lang='lat' dir='ltr'>cuius</span> <span class='ocrx_word' id='word_1_72' title='bbox 1029 1372 1124 1435; x_wconf 83' lang='lat' dir='ltr'>verba</span> <span class='ocrx_word' id='word_1_73' title='bbox 1159 1377 1303 1436; x_wconf 88' lang='lat' dir='ltr'>accurate</span> 
     </span>
     <span class='ocr_line' id='line_1_11' title="bbox 184 1477 1303 1544; baseline 0.003 -3"><span class='ocrx_word' id='word_1_74' title='bbox 184 1478 312 1542; x_wconf 82' lang='lat' dir='ltr'>exhibet</span> <span class='ocrx_word' id='word_1_75' title='bbox 334 1477 503 1542; x_wconf 85' lang='lat' dir='ltr'>scholiasta</span> <span class='ocrx_word' id='word_1_76' title='bbox 527 1477 665 1540; x_wconf 88' lang='lat' dir='ltr'>Pindari.</span> <span class='ocrx_word' id='word_1_77' title='bbox 715 1477 913 1541; x_wconf 84' lang='lat' dir='ltr'>Athenaeum</span> <span class='ocrx_word' id='word_1_78' title='bbox 938 1478 1021 1541; x_wconf 92' lang='lat' dir='ltr'>enim</span> <span class='ocrx_word' id='word_1_79' title='bbox 1045 1501 1108 1542; x_wconf 90' lang='lat' dir='ltr'>non</span> <span class='ocrx_word' id='word_1_80' title='bbox 1137 1501 1176 1542; x_wconf 86' lang='lat' dir='ltr'>ex</span> <span class='ocrx_word' id='word_1_81' title='bbox 1199 1479 1303 1544; x_wconf 85' lang='lat' dir='ltr'>Theo·</span> 
     </span>
     <span class='ocr_line' id='line_1_12' title="bbox 184 1583 1303 1673; baseline 0.004 -26"><span class='ocrx_word' id='word_1_82' title='bbox 184 1606 308 1673; x_wconf 92' lang='lat' dir='ltr'>pompo</span> <span class='ocrx_word' id='word_1_83' title='bbox 328 1584 381 1649; x_wconf 93' lang='lat' dir='ltr'>sed</span> <span class='ocrx_word' id='word_1_84' title='bbox 413 1607 451 1647; x_wconf 85' lang='lat' dir='ltr'>ex</span> <span class='ocrx_word' id='word_1_85' title='bbox 474 1583 717 1649; x_wconf 81' lang='lat' dir='ltr'>Chamaeleoute</span> <span class='ocrx_word' id='word_1_86' title='bbox 750 1586 953 1667; x_wconf 88' lang='lat' dir='ltr'>peripatetico</span> <span class='ocrx_word' id='word_1_87' title='bbox 985 1585 1134 1649; x_wconf 88' lang='lat' dir='ltr'>fabellam</span> <span class='ocrx_word' id='word_1_88' title='bbox 1166 1586 1303 1651; x_wconf 85' lang='lat' dir='ltr'>hausisse</span> 
     </span>
     <span class='ocr_line' id='line_1_13' title="bbox 185 1691 1303 1775; baseline 0.004 -20"><span class='ocrx_word' id='word_1_89' title='bbox 185 1691 291 1775; x_wconf 82' lang='lat' dir='ltr'>Bergk</span> <span class='ocrx_word' id='word_1_90' title='bbox 327 1691 484 1755; x_wconf 88' lang='lat' dir='ltr'>verissime</span> <span class='ocrx_word' id='word_1_91' title='bbox 519 1696 628 1755; x_wconf 89' lang='lat' dir='ltr'>contra</span> <span class='ocrx_word' id='word_1_92' title='bbox 663 1691 843 1755; x_wconf 85' lang='lat' dir='ltr'>Kaibelium</span> <span class='ocrx_word' id='word_1_93' title='bbox 879 1692 1058 1774; x_wconf 85' lang='lat' dir='ltr'>disputarit.</span> <span class='ocrx_word' id='word_1_94' title='bbox 1115 1693 1303 1759; x_wconf 81' lang='lat' dir='ltr'>Chamaeleo</span> 
     </span>
     <span class='ocr_line' id='line_1_14' title="bbox 186 1785 1303 1882; baseline 0.003 -21"><span class='ocrx_word' id='word_1_95' title='bbox 186 1803 289 1863; x_wconf 90' lang='lat' dir='ltr'>autem</span> <span class='ocrx_word' id='word_1_96' title='bbox 312 1822 395 1882; x_wconf 70' lang='lat' dir='ltr'>⁴quae</span> <span class='ocrx_word' id='word_1_97' title='bbox 419 1802 456 1863; x_wconf 93' lang='lat' dir='ltr'>de</span> <span class='ocrx_word' id='word_1_98' title='bbox 480 1800 694 1863; x_wconf 88' lang='lat' dir='ltr'>meretricibus</span> <span class='ocrx_word' id='word_1_99' title='bbox 728 1785 837 1862; x_wconf 87' lang='lat' dir='ltr'>narrat</span> <span class='ocrx_word' id='word_1_100' title='bbox 869 1822 905 1862; x_wconf 85' lang='lat' dir='ltr'>ex</span> <span class='ocrx_word' id='word_1_101' title='bbox 937 1799 1147 1882; x_wconf 86' lang='lat' dir='ltr'>appellatione</span> <span class='ocrx_word' id='word_1_102' title='bbox 1171 1800 1303 1865; x_wconf 87' lang='lat' dir='ltr'>Veneris</span> 
     </span>
     <span class='ocr_line' id='line_1_15' title="bbox 185 1905 1303 1989; baseline 0 -19"><span class='ocrx_word' id='word_1_103' title='bbox 185 1929 256 1970; x_wconf 89' lang='lat' dir='ltr'>eum</span> <span class='ocrx_word' id='word_1_104' title='bbox 272 1905 351 1969; x_wconf 86' lang='lat' dir='ltr'>falso</span> <span class='ocrx_word' id='word_1_105' title='bbox 367 1906 553 1971; x_wconf 87' lang='lat' dir='ltr'>conclusisse</span> <span class='ocrx_word' id='word_1_106' title='bbox 569 1907 602 1969; x_wconf 93' lang='lat' dir='ltr'>in</span> <span class='ocrx_word' id='word_1_107' title='bbox 616 1907 784 1988; x_wconf 89' lang='lat' dir='ltr'>propatulo</span> <span class='ocrx_word' id='word_1_108' title='bbox 801 1911 856 1983; x_wconf 73' lang='lat' dir='ltr'>est,</span> <span class='ocrx_word' id='word_1_109' title='bbox 873 1906 1006 1989; x_wconf 90' lang='lat' dir='ltr'>denique</span> <span class='ocrx_word' id='word_1_110' title='bbox 1022 1930 1102 1989; x_wconf 85' lang='lat' dir='ltr'>quae</span> <span class='ocrx_word' id='word_1_111' title='bbox 1115 1906 1303 1971; x_wconf 88' lang='lat' dir='ltr'>Plutarchus</span> 
     </span>
     <span class='ocr_line' id='line_1_16' title="bbox 185 2004 1304 2095; baseline -0.001 -20"><span class='ocrx_word' id='word_1_112' title='bbox 185 2013 222 2076; x_wconf 88' lang='lat' dir='ltr'>de</span> <span class='ocrx_word' id='word_1_113' title='bbox 256 2014 365 2077; x_wconf 89' lang='lat' dir='ltr'>statuis</span> <span class='ocrx_word' id='word_1_114' title='bbox 397 2013 559 2077; x_wconf 88' lang='lat' dir='ltr'>fabulatur</span> <span class='ocrx_word' id='word_1_115' title='bbox 593 2012 702 2095; x_wconf 86' lang='lat' dir='ltr'>procul</span> <span class='ocrx_word' id='word_1_116' title='bbox 738 2013 832 2076; x_wconf 91' lang='lat' dir='ltr'>dnbio</span> <span class='ocrx_word' id='word_1_117' title='bbox 867 2013 965 2077; x_wconf 88' lang='lat' dir='ltr'>falsae</span> <span class='ocrx_word' id='word_1_118' title='bbox 999 2013 1126 2078; x_wconf 89' lang='lat' dir='ltr'>lectioni</span> <span class='ocrx_word' id='word_1_119' title='bbox 1161 2004 1304 2076; x_wconf 73' lang='grc' dir='ltr'><em>ἔσταθεν</em></span> 
     </span>
     <span class='ocr_line' id='line_1_17' title="bbox 185 2120 325 2183; baseline 0 -1"><span class='ocrx_word' id='word_1_120' title='bbox 185 2120 325 2183; x_wconf 66' lang='lat' dir='ltr'>debeturl</span> 
     </span>
    </p>

    <p class='ocr_par' dir='ltr' id='par_1_3' title="bbox 186 2225 1301 2506">
     <span class='ocr_line' id='line_1_18' title="bbox 273 2225 1300 2309; baseline 0 -20"><span class='ocrx_word' id='word_1_121' title='bbox 273 2225 360 2289; x_wconf 89' lang='lat' dir='ltr'>Num</span> <span class='ocrx_word' id='word_1_122' title='bbox 384 2225 604 2309; x_wconf 86' lang='lat' dir='ltr'>Theopompus</span> <span class='ocrx_word' id='word_1_123' title='bbox 629 2228 775 2290; x_wconf 90' lang='lat' dir='ltr'>carminis</span> <span class='ocrx_word' id='word_1_124' title='bbox 803 2231 961 2290; x_wconf 91' lang='lat' dir='ltr'>auctorem</span> <span class='ocrx_word' id='word_1_125' title='bbox 985 2228 1106 2291; x_wconf 80' lang='lat' dir='ltr'>noverit</span> <span class='ocrx_word' id='word_1_126' title='bbox 1130 2226 1300 2301; x_wconf 81' lang='lat' dir='ltr'>incertum3</span> 
     </span>
     <span class='ocr_line' id='line_1_19' title="bbox 186 2333 1301 2415; baseline 0.001 -19"><span class='ocrx_word' id='word_1_127' title='bbox 186 2355 286 2415; x_wconf 88' lang='lat' dir='ltr'>neque</span> <span class='ocrx_word' id='word_1_128' title='bbox 309 2338 415 2397; x_wconf 90' lang='lat' dir='ltr'>tamen</span> <span class='ocrx_word' id='word_1_129' title='bbox 439 2339 485 2397; x_wconf 91' lang='lat' dir='ltr'>est</span> <span class='ocrx_word' id='word_1_130' title='bbox 508 2356 563 2399; x_wconf 91' lang='lat' dir='ltr'>cur</span> <span class='ocrx_word' id='word_1_131' title='bbox 587 2333 822 2398; x_wconf 69' lang='lat' dir='ltr'>chamaeleonti</span> <span class='ocrx_word' id='word_1_132' title='bbox 853 2340 884 2398; x_wconf 88' lang='lat' dir='ltr'>et</span> <span class='ocrx_word' id='word_1_133' title='bbox 908 2334 1078 2398; x_wconf 88' lang='lat' dir='ltr'>Plutarcho</span> <span class='ocrx_word' id='word_1_134' title='bbox 1111 2333 1301 2399; x_wconf 83' lang='lat' dir='ltr'>Simonidem</span> 
     </span>
     <span class='ocr_line' id='line_1_20' title="bbox 186 2441 769 2506; baseline 0.003 -3"><span class='ocrx_word' id='word_1_135' title='bbox 186 2441 299 2505; x_wconf 85' lang='lat' dir='ltr'>diserte</span> <span class='ocrx_word' id='word_1_136' title='bbox 323 2442 559 2506; x_wconf 86' lang='lat' dir='ltr'>nominantibus</span> <span class='ocrx_word' id='word_1_137' title='bbox 582 2441 769 2506; x_wconf 83' lang='lat' dir='ltr'>diffidamus.</span> 
     </span>
    </p>
   </div>
   <div class='ocr_carea' id='block_1_3' title="bbox 213 2629 1279 2841">
    <p class='ocr_par' dir='ltr' id='par_1_4' title="bbox 213 2629 1279 2841">
     <span class='ocr_line' id='line_1_21' title="bbox 213 2629 1279 2734; baseline 0.001 -19"><span class='ocrx_word' id='word_1_138' title='bbox 213 2651 283 2721; x_wconf 89' lang='grc' dir='ltr'>ΙΙΙ.</span> <span class='ocrx_word' id='word_1_139' title='bbox 323 2653 372 2718; x_wconf 84' lang='lat' dir='ltr'>De</span> <span class='ocrx_word' id='word_1_140' title='bbox 397 2652 575 2734; x_wconf 87' lang='lat' dir='ltr'>tripodum</span> <span class='ocrx_word' id='word_1_141' title='bbox 601 2651 760 2733; x_wconf 78' lang='lat' dir='ltr'>Apollini</span> <span class='ocrx_word' id='word_1_142' title='bbox 784 2653 940 2718; x_wconf 81' lang='lat' dir='ltr'>Isnrcnio</span> <span class='ocrx_word' id='word_1_143' title='bbox 963 2629 1212 2718; x_wconf 88' lang='lat' dir='ltr'>dedicatorum</span> <span class='ocrx_word' id='word_1_144' title='bbox 1230 2653 1279 2717; x_wconf 88' lang='lat' dir='ltr'>in-</span> 
     </span>
     <span class='ocr_line' id='line_1_22' title="bbox 612 2759 877 2841; baseline -0.011 -17"><span class='ocrx_word' id='word_1_145' title='bbox 612 2759 877 2841; x_wconf 85' lang='lat' dir='ltr'>scriptionibus.</span> 
     </span>
    </p>
   </div>
   <div class='ocr_carea' id='block_1_4' title="bbox 315 2912 1184 3006">
    <p class='ocr_par' dir='ltr' id='par_1_5' title="bbox 315 2912 1184 3006">
     <span class='ocr_line' id='line_1_23' title="bbox 315 2912 1184 3006; baseline 0.001 -24"><span class='ocrx_word' id='word_1_146' title='bbox 315 2913 520 3006; x_wconf 77' lang='grc' dir='ltr'><em>Ἀμηιτρυιον</em></span> <span class='ocrx_word' id='word_1_147' title='bbox 543 2925 576 3000; x_wconf 86' lang='grc' dir='ltr'>μ’</span> <span class='ocrx_word' id='word_1_148' title='bbox 601 2914 760 3005; x_wconf 67' lang='grc' dir='ltr'><em>ἀνέθηκεν</em></span> <span class='ocrx_word' id='word_1_149' title='bbox 785 2914 863 2982; x_wconf 64' lang='grc' dir='ltr'><em>ἔλων</em></span> <span class='ocrx_word' id='word_1_150' title='bbox 886 2912 954 2982; x_wconf 73' lang='lat' dir='ltr'>dud</span> <span class='ocrx_word' id='word_1_151' title='bbox 982 2913 1184 3004; x_wconf 72' lang='grc' dir='ltr'><em>Τηλεβοάων.</em></span> 
     </span>
    </p>
   </div>
   <div class='ocr_carea' id='block_1_5' title="bbox 185 3106 1304 3733">
    <p class='ocr_par' dir='ltr' id='par_1_6' title="bbox 185 3106 1304 3733">
     <span class='ocr_line' id='line_1_24' title="bbox 275 3106 1303 3203; baseline -0.005 -22"><span class='ocrx_word' id='word_1_152' title='bbox 275 3119 408 3183; x_wconf 89' lang='lat' dir='ltr'>Herod.</span> <span class='ocrx_word' id='word_1_153' title='bbox 427 3122 456 3183; x_wconf 84' lang='lat'>5.</span> <span class='ocrx_word' id='word_1_154' title='bbox 482 3121 534 3182; x_wconf 81' lang='lat'>59.</span> <span class='ocrx_word' id='word_1_155' title='bbox 582 3108 678 3181; x_wconf 78' lang='grc' dir='ltr'><em>Εἶδον</em></span> <span class='ocrx_word' id='word_1_156' title='bbox 702 3115 738 3180; x_wconf 80' lang='grc' dir='ltr'>δὲ</span> <span class='ocrx_word' id='word_1_157' title='bbox 761 3115 816 3180; x_wconf 85' lang='grc' dir='ltr'>καί</span> <span class='ocrx_word' id='word_1_158' title='bbox 840 3110 937 3192; x_wconf 72' lang='grc' dir='ltr'><em>αὐτὸς</em></span> <span class='ocrx_word' id='word_1_159' title='bbox 954 3106 1110 3203; x_wconf 75' lang='grc' dir='ltr'><em>Καδμήια</em></span> <span class='ocrx_word' id='word_1_160' title='bbox 1131 3111 1303 3197; x_wconf 75' lang='grc' dir='ltr'><em>γράμματα</em></span> 
     </span>
     <span class='ocr_line' id='line_1_25' title="bbox 186 3214 1304 3310; baseline -0.001 -25"><span class='ocrx_word' id='word_1_161' title='bbox 186 3219 219 3285; x_wconf 79' lang='grc' dir='ltr'>ἐν</span> <span class='ocrx_word' id='word_1_162' title='bbox 251 3224 296 3306; x_wconf 67' lang='grc' dir='ltr'>ιη]</span> <span class='ocrx_word' id='word_1_163' title='bbox 328 3217 401 3307; x_wconf 68' lang='grc' dir='ltr'><em>ἱερῷ</em></span> <span class='ocrx_word' id='word_1_164' title='bbox 431 3224 487 3286; x_wconf 80' lang='grc' dir='ltr'>τοῦ</span> <span class='ocrx_word' id='word_1_165' title='bbox 513 3215 717 3299; x_wconf 77' lang='grc' dir='ltr'><em>Ἀπόλλωνος</em></span> <span class='ocrx_word' id='word_1_166' title='bbox 749 3225 805 3287; x_wconf 79' lang='grc' dir='ltr'>τοῦ</span> <span class='ocrx_word' id='word_1_167' title='bbox 827 3217 982 3310; x_wconf 76' lang='grc' dir='ltr'><em>Ἰσμηνίου</em></span> <span class='ocrx_word' id='word_1_168' title='bbox 1015 3219 1048 3284; x_wconf 72' lang='grc' dir='ltr'>ἐν</span> <span class='ocrx_word' id='word_1_169' title='bbox 1074 3214 1200 3309; x_wconf 80' lang='grc' dir='ltr'><em>Θήβησι</em></span> <span class='ocrx_word' id='word_1_170' title='bbox 1229 3222 1304 3306; x_wconf 71' lang='grc' dir='ltr'><em>τῇσι</em></span> 
     </span>
     <span class='ocr_line' id='line_1_26' title="bbox 185 3321 1303 3412; baseline -0.002 -21"><span class='ocrx_word' id='word_1_171' title='bbox 185 3331 338 3392; x_wconf 78' lang='grc' dir='ltr'><em>Βοιωτῶν</em></span> <span class='ocrx_word' id='word_1_172' title='bbox 368 3327 426 3393; x_wconf 79' lang='grc' dir='ltr'>ἐπὶ</span> <span class='ocrx_word' id='word_1_173' title='bbox 458 3327 589 3412; x_wconf 77' lang='grc' dir='ltr'><em>τρίποσι</em></span> <span class='ocrx_word' id='word_1_174' title='bbox 614 3329 680 3394; x_wconf 77' lang='lat' dir='ltr'>croi</span> <span class='ocrx_word' id='word_1_175' title='bbox 705 3328 978 3412; x_wconf 77' lang='grc' dir='ltr'><em>ἐγκεκολλαμένα,</em></span> <span class='ocrx_word' id='word_1_176' title='bbox 1011 3325 1052 3390; x_wconf 81' lang='grc' dir='ltr'>ιδ</span> <span class='ocrx_word' id='word_1_177' title='bbox 1076 3323 1181 3390; x_wconf 72' lang='grc' dir='ltr'><em>πολλὰ</em></span> <span class='ocrx_word' id='word_1_178' title='bbox 1207 3321 1303 3407; x_wconf 82' lang='grc' dir='ltr'><em>ὅμοια</em></span> 
     </span>
     <span class='ocr_line' id='line_1_27' title="bbox 186 3427 1304 3516; baseline -0.003 -17"><span class='ocrx_word' id='word_1_179' title='bbox 186 3427 263 3499; x_wconf 69' lang='grc' dir='ltr'><em>ὄντα</em></span> <span class='ocrx_word' id='word_1_180' title='bbox 286 3439 370 3500; x_wconf 77' lang='grc' dir='ltr'><em>τοῖσι</em></span> <span class='ocrx_word' id='word_1_181' title='bbox 389 3430 563 3502; x_wconf 84' lang='grc' dir='ltr'><em>Ἰωνικοῖσι.</em></span> <span class='ocrx_word' id='word_1_182' title='bbox 589 3431 605 3499; x_wconf 85' lang='grc' dir='ltr'>ὁ</span> <span class='ocrx_word' id='word_1_183' title='bbox 628 3436 687 3516; x_wconf 84' lang='grc' dir='ltr'>μὲν</span> <span class='ocrx_word' id='word_1_184' title='bbox 711 3437 747 3500; x_wconf 80' lang='grc' dir='ltr'>δὲ</span> <span class='ocrx_word' id='word_1_185' title='bbox 770 3427 816 3511; x_wconf 81' lang='grc' dir='ltr'>εἷς</span> <span class='ocrx_word' id='word_1_186' title='bbox 840 3437 903 3496; x_wconf 80' lang='grc' dir='ltr'>τῶν</span> <span class='ocrx_word' id='word_1_187' title='bbox 927 3428 1089 3516; x_wconf 76' lang='grc' dir='ltr'><em>τριπόδιον</em></span> <span class='ocrx_word' id='word_1_188' title='bbox 1114 3430 1304 3516; x_wconf 75' lang='grc' dir='ltr'><em>ἐπίγραμμα</em></span> 
     </span>
     <span class='ocr_line' id='line_1_28' title="bbox 185 3535 1303 3630; baseline -0.003 -25"><span class='ocrx_word' id='word_1_189' title='bbox 185 3537 264 3623; x_wconf 79' lang='grc' dir='ltr'><em>ἔχει·</em></span> <span class='ocrx_word' id='word_1_190' title='bbox 308 3536 762 3629; x_wconf 70' lang='grc' dir='ltr'><em>Ἀμφιτρύων-Τηλεβοάων.</em></span> <span class='ocrx_word' id='word_1_191' title='bbox 802 3543 905 3605; x_wconf 78' lang='grc' dir='ltr'><em>ταῦτα</em></span> <span class='ocrx_word' id='word_1_192' title='bbox 937 3536 1061 3630; x_wconf 72' lang='grc' dir='ltr'><em>ἡλικίην</em></span> <span class='ocrx_word' id='word_1_193' title='bbox 1084 3535 1133 3626; x_wconf 81' lang='grc' dir='ltr'>εἴη</span> <span class='ocrx_word' id='word_1_194' title='bbox 1157 3535 1196 3603; x_wconf 80' lang='grc' dir='ltr'>δν</span> <span class='ocrx_word' id='word_1_195' title='bbox 1219 3535 1303 3603; x_wconf 76' lang='lat' dir='ltr'>acroi</span> 
     </span>
     <span class='ocr_line' id='line_1_29' title="bbox 185 3631 1302 3733; baseline -0.001 -21"><span class='ocrx_word' id='word_1_196' title='bbox 185 3642 296 3712; x_wconf 83' lang='grc' dir='ltr'><em>Λόϊον</em></span> <span class='ocrx_word' id='word_1_197' title='bbox 319 3631 374 3712; x_wconf 64' lang='lat' dir='ltr'>cdi</span> <span class='ocrx_word' id='word_1_198' title='bbox 397 3644 581 3728; x_wconf 76' lang='grc' dir='ltr'><em>Λαβδάκου</em></span> <span class='ocrx_word' id='word_1_199' title='bbox 608 3652 664 3713; x_wconf 79' lang='grc' dir='ltr'>τοῦ</span> <span class='ocrx_word' id='word_1_200' title='bbox 688 3642 882 3733; x_wconf 80' lang='grc' dir='ltr'><em>Πολυδώρου</em></span> <span class='ocrx_word' id='word_1_201' title='bbox 905 3651 962 3712; x_wconf 78' lang='grc' dir='ltr'>τοῦ</span> <span class='ocrx_word' id='word_1_202' title='bbox 987 3641 1133 3728; x_wconf 84' lang='grc' dir='ltr'><em>Κάδμου.</em></span> <span class='ocrx_word' id='word_1_203' title='bbox 1180 3650 1302 3713; x_wconf 87' lang='lat' dir='ltr'>Schol.</span> 
     </span>
    </p>
   </div>
   <div class='ocr_carea' id='block_1_6' title="bbox 276 3792 1302 3864">
    <p class='ocr_par' dir='ltr' id='par_1_7' title="bbox 276 3792 1302 3864">
     <span class='ocr_line' id='line_1_30' title="bbox 276 3792 1302 3864; baseline -0.003 -17"><span class='ocrx_word' id='word_1_204' title='bbox 276 3793 301 3858; x_wconf 84' lang='lat'>1)</span> <span class='ocrx_word' id='word_1_205' title='bbox 322 3795 467 3848; x_wconf 88' lang='lat' dir='ltr'>Obiectnm</span> <span class='ocrx_word' id='word_1_206' title='bbox 493 3796 522 3848; x_wconf 90' lang='lat' dir='ltr'>in</span> <span class='ocrx_word' id='word_1_207' title='bbox 545 3796 636 3849; x_wconf 90' lang='lat' dir='ltr'>titulis</span> <span class='ocrx_word' id='word_1_208' title='bbox 663 3796 840 3850; x_wconf 87' lang='lat' dir='ltr'>dedicatoriis</span> <span class='ocrx_word' id='word_1_209' title='bbox 866 3813 901 3849; x_wconf 91' lang='lat' dir='ltr'>ne</span> <span class='ocrx_word' id='word_1_210' title='bbox 926 3793 1088 3864; x_wconf 88' lang='lat' dir='ltr'>pronomine</span> <span class='ocrx_word' id='word_1_211' title='bbox 1116 3792 1228 3860; x_wconf 87' lang='lat' dir='ltr'>quidem</span> <span class='ocrx_word' id='word_1_212' title='bbox 1258 3809 1302 3845; x_wconf 87' lang='lat' dir='ltr'>ex·</span> 
     </span>
    </p>
   </div>
   <div class='ocr_carea' id='block_1_7' title="bbox 186 3881 1302 4127">
    <p class='ocr_par' dir='ltr' id='par_1_8' title="bbox 186 3881 1302 4127">
     <span class='ocr_line' id='line_1_31' title="bbox 186 3881 1302 3953; baseline 0 -18"><span class='ocrx_word' id='word_1_213' title='bbox 186 3901 308 3952; x_wconf 88' lang='lat' dir='ltr'>pressum</span> <span class='ocrx_word' id='word_1_214' title='bbox 324 3900 450 3937; x_wconf 84' lang='lat' dir='ltr'>essenon</span> <span class='ocrx_word' id='word_1_215' title='bbox 464 3901 548 3937; x_wconf 91' lang='lat' dir='ltr'>unum</span> <span class='ocrx_word' id='word_1_216' title='bbox 564 3889 656 3938; x_wconf 85' lang='lat' dir='ltr'>exstat</span> <span class='ocrx_word' id='word_1_217' title='bbox 669 3886 841 3953; x_wconf 88' lang='lat' dir='ltr'>exemplum:</span> <span class='ocrx_word' id='word_1_218' title='bbox 863 3884 960 3937; x_wconf 89' lang='lat' dir='ltr'>Kaibel</span> <span class='ocrx_word' id='word_1_219' title='bbox 974 3886 1034 3945; x_wconf 83' lang='grc'>738,</span> <span class='ocrx_word' id='word_1_220' title='bbox 1051 3882 1151 3948; x_wconf 78' lang='grc' dir='ltr'><em>Ἐφημ.</em></span> <span class='ocrx_word' id='word_1_221' title='bbox 1164 3881 1223 3947; x_wconf 87' lang='grc' dir='ltr'><em>ἀρχ.</em></span> <span class='ocrx_word' id='word_1_222' title='bbox 1236 3884 1302 3936; x_wconf 84' lang='grc'>1885</span> 
     </span>
     <span class='ocr_line' id='line_1_32' title="bbox 186 3970 1301 4042; baseline -0.003 -17"><span class='ocrx_word' id='word_1_223' title='bbox 186 3993 212 4041; x_wconf 92' lang='lat' dir='ltr'>p.</span> <span class='ocrx_word' id='word_1_224' title='bbox 235 3976 284 4026; x_wconf 87' lang='grc'>198</span> <span class='ocrx_word' id='word_1_225' title='bbox 304 3971 346 4035; x_wconf 87' lang='lat'>(=</span> <span class='ocrx_word' id='word_1_226' title='bbox 368 3972 450 4026; x_wconf 85' lang='lat' dir='ltr'>Allen</span> <span class='ocrx_word' id='word_1_227' title='bbox 469 3971 558 4026; x_wconf 83' lang='lat' dir='ltr'>Greek</span> <span class='ocrx_word' id='word_1_228' title='bbox 578 3974 764 4028; x_wconf 84' lang='lat' dir='ltr'>versification</span> <span class='ocrx_word' id='word_1_229' title='bbox 784 3978 835 4027; x_wconf 80' lang='lat' dir='ltr'>eto</span> <span class='ocrx_word' id='word_1_230' title='bbox 856 3993 882 4042; x_wconf 88' lang='lat' dir='ltr'>p.</span> <span class='ocrx_word' id='word_1_231' title='bbox 904 3976 954 4026; x_wconf 87' lang='grc'>190</span> <span class='ocrx_word' id='word_1_232' title='bbox 973 3980 1004 4026; x_wconf 89' lang='lat' dir='ltr'>n⁰</span> <span class='ocrx_word' id='word_1_233' title='bbox 1021 3971 1092 4024; x_wconf 80' lang='lat' dir='ltr'>XCV</span> <span class='ocrx_word' id='word_1_234' title='bbox 1098 3970 1133 4035; x_wconf 80' lang='grc'>1),</span> <span class='ocrx_word' id='word_1_235' title='bbox 1160 3971 1239 4023; x_wconf 81' lang='lat' dir='ltr'>lGA</span> <span class='ocrx_word' id='word_1_236' title='bbox 1259 3974 1301 4031; x_wconf 85' lang='grc'>78,</span> 
     </span>
     <span class='ocr_line' id='line_1_33' title="bbox 187 4059 809 4127; baseline -0.003 -11"><span class='ocrx_word' id='word_1_237' title='bbox 187 4061 356 4116; x_wconf 83' lang='lat' dir='ltr'>Mandroclis</span> <span class='ocrx_word' id='word_1_238' title='bbox 376 4060 475 4115; x_wconf 84' lang='lat' dir='ltr'>titulus</span> <span class='ocrx_word' id='word_1_239' title='bbox 496 4059 606 4127; x_wconf 88' lang='lat' dir='ltr'>(Herod.</span> <span class='ocrx_word' id='word_1_240' title='bbox 626 4067 651 4117; x_wconf 80' lang='grc'>4,</span> <span class='ocrx_word' id='word_1_241' title='bbox 670 4062 723 4125; x_wconf 79' lang='grc'>88),</span> <span class='ocrx_word' id='word_1_242' title='bbox 745 4062 809 4116; x_wconf 86' lang='lat' dir='ltr'>alia.</span> 
     </span>
    </p>
   </div>
   <div class='ocr_carea' id='block_1_8' title="bbox 0 0 1501 4726">
    <p class='ocr_par' dir='ltr' id='par_1_9' title="bbox 0 0 1501 4726">
     <span class='ocr_line' id='line_1_34' title="bbox 0 0 1501 4726; baseline 0 0"><span class='ocrx_word' id='word_1_243' title='bbox 0 0 1501 4726; x_wconf 95' lang='lat' dir='ltr'> </span> 
     </span>
    </p>
   </div>
  </div>
 </body>
</html>
