2970 4734
631 372 851 434 -25..

182 551 279 617 petere
303 552 331 602 et
357 549 484 602 omnibus
510 549 539 600 iu
565 550 647 602 rebus
673 550 794 603 secunda
813 550 854 603 uti
876 551 994 604 fortuna.
1013 545 1022 568 '⁴
1042 570 1067 604 v.
1086 554 1111 604 9.
1149 552 1303 618 κατορθοῦν

182 637 331 692 transitive
355 642 520 706 usurpatum
546 655 604 692 esse
634 637 742 696 (menar
765 642 840 693 tutto
867 658 884 691 a
910 639 983 693 buon
1008 637 1073 704 fine)
1103 643 1186 708 putat
1205 640 1303 694 Vitelli

183 725 280 792 (etiam
299 726 385 779 Flacb
405 727 502 780 Gesch.
524 727 550 780 d.
569 746 610 795 gr.
630 727 715 794 Lyrik
735 731 759 780 2.
780 725 856 791 439),
877 727 951 795 quod
970 728 1102 783 abhorret
1120 746 1137 782 a
1156 730 1233 783 verbi
1253 749 1304 784 usu

182 815 217 869 cf.
243 814 371 884 inprimis
399 814 492 879 ξ288.
519 832 566 868 τ.
588 817 631 869 10.
668 815 695 865 εἶν
713 816 790 882 βιοτῇ
810 817 889 869 codd.
909 815 1042 884 αἰχμητὴν
1061 817 1144 881 Weil,
1164 819 1212 887 qui
1232 823 1303 874 teste

182 904 276 974 Lipsio
291 904 319 957 in
332 905 454 958 editione
469 906 559 958 altera
578 904 606 955 ἕν
619 903 716 971 βροτὲᾳ
729 905 810 970 μοίρᾳ
830 905 860 955 ἔκ
881 926 902 955 τι
923 913 1017 972 φυγεῖν
1030 906 1128 972 ἔπορον
1146 908 1303 976 proposuit;

182 993 299 1060 αἰχμητῇ
321 993 364 1047 vel
377 993 469 1060 ὁπλίτῃ
490 994 598 1057 Vitelli,
619 993 667 1060 qui
683 993 757 1047 idem
777 994 892 1047 conicit:
913 995 1023 1062 Βοιωτῇ
1042 1003 1076 1062 γῇ
1095 998 1157 1063 κῆρ’
1177 997 1232 1047 οὔτι
1253 1018 1303 1064 φο-

182 1090 237 1150 γεΐν
256 1083 353 1148 ἔπορον
376 1085 405 1147 „e
425 1082 606 1152 prerogativa
627 1082 703 1151 degli
722 1083 766 1136 dei
786 1083 898 1137 ricscire
917 1084 947 1136 in
960 1087 1035 1138 tutto
1055 1102 1179 1138 emenar
1192 1089 1267 1138 tutto
1287 1105 1303 1138 a

183 1172 257 1226 buon
276 1173 344 1236 fine;
369 1189 414 1225 ma
433 1172 509 1225 nella
529 1176 603 1226 terra
623 1172 733 1226 beotica
752 1173 805 1227 essi
825 1191 879 1226 non
901 1191 1060 1228 concessero
1080 1173 1108 1226 di
1128 1190 1256 1242 scampar
1275 1174 1302 1225 di

182 1260 298 1325 morte“‚
319 1261 366 1314 ubi
386 1261 561 1330 ineptissime
576 1262 691 1315 Boeotia
710 1262 838 1315 omnibus
853 1262 916 1314 aliis
931 1264 1011 1317 rebus
1028 1260 1125 1326 (tutto)
1139 1263 1302 1331 opponitur;

182 1353 304 1404 ceterum
324 1351 428 1405 frustra
452 1369 553 1420 graeco
578 1352 606 1404 in
626 1355 704 1404 textu
724 1352 893 1420 particulam
913 1352 1121 1406 adversativam
1140 1349 1243 1415 („ma“)
1262 1369 1303 1404 re·

182 1439 277 1507 quiras
299 1437 301 1506 l
324 1439 431 1507 φεύγειν
450 1440 511 1492 ΛΜ
529 1439 531 1471 ³
553 1441 648 1505 ἔπορεν
667 1441 701 1491 Μ
726 1443 757 1492 ut
776 1440 906 1508 luppiter
934 1440 1052 1493 subiecti
1075 1440 1135 1492 vice
1159 1440 1301 1506 fungatur,

182 1531 280 1582 contra
291 1528 413 1596 Bernays
427 1528 483 1579 οὔτι
497 1529 614 1582 subiecti
629 1529 718 1582 locum
734 1529 860 1582 obtinere
873 1530 948 1591 vult;
962 1529 1059 1594 ἔπορον
1073 1528 1122 1582 alii
1133 1529 1211 1582 codd.
1223 1529 1301 1592 dett,

180 1618 309 1684 μερόπων
327 1618 436 1680 Graefe,
456 1617 546 1683 ἕτερον
566 1618 676 1671 Reiske.

272 1740 349 1804 Cum
367 1741 501 1805 Karsten
520 1742 656 1806 Batavus
680 1765 763 1806 anuo
787 1743 879 1806 huius
894 1743 1010 1806 saeculi
1026 1743 1302 1826 undesexagesimo

181 1849 301 1931 primus
325 1848 521 1931 epigramma
544 1850 577 1912 in
600 1850 806 1913 deterioribus
821 1854 947 1913 tantum
963 1850 1120 1914 codicibus
1144 1854 1301 1914 servatum

182 1958 218 2016 ut
240 1953 440 2018 subditicium
465 1956 643 2033 notavisset,
669 1955 780 2018 Kaibel
805 1956 968 2019 duodecim
985 1957 1075 2020 annis
1098 1961 1168 2038 post
1188 1957 1220 2019 in
1237 1958 1301 2020 eius

180 2061 284 2124 locum
309 2061 393 2124 aliud
417 2066 453 2124 ut
476 2064 649 2146 genuinum
674 2068 705 2126 et
729 2062 768 2125 ab
792 2067 915 2126 oratore
940 2064 1104 2126 recitatum
1128 2062 1299 2139 substituit,

181 2170 399 2232 carmen'dico
425 2169 636 2253 Anthologiae
660 2169 824 2233 Palatinae
850 2168 912 2233 VII
937 2172 1019 2232 245:
1053 2234 1076 2252 ἢ

283 2262 322 2336 'o
346 2264 451 2354 Χρόνε
475 2271 639 2338 παντοίων
664 2278 797 2360 θνητοῖς
822 2270 1053 2339 ντανειιίὀκοπε
1077 2274 1203 2355 δαῖμον,

342 2373 474 2464 ἅγγελος
498 2375 659 2468 ἡμετέρων
683 2383 766 2444 πᾶσι
791 2383 882 2464 γενοῦ
906 2380 1060 2444 ποθέων·

288 2482 332 2564 οῖς
357 2483 442 2568 ῖεροῖν
466 2480 579 2573 σῴζειν
603 2482 795 2570 πειρώμενοι
816 2480 950 2553 (Ελλάδα
973 2482 1078 2572 χώραν

341 2597 494 2659 Βοιιοτιῦν
517 2597 652 2672 κλεινοῖς
677 2590 863 2685 θνῄσκομεν
887 2593 920 2659 ἒν
944 2596 1111 2672 δαπέδοις.

270 2704 359 2779 Quod
392 2706 587 2788 epigramma
621 2707 653 2769 in
689 2706 793 2771 codice
825 2707 950 2789 quidem
983 2705 1145 2770 Gaetulico
1178 2707 1302 2770 cuidam

181 2811 384 2888 adscribitur,
410 2813 461 2875 sed
486 2835 524 2876 ex
548 2813 760 2894 inscriptionis
784 2813 924 2896 reliquiis
949 2811 1077 2891 (Kaibel
1100 2813 1232 2877 an?
1261 2841 1300 2866 =

182 2916 252 2980 ola
277 2917 307 2981 ΙΙ
333 2922 362 2981 3.
392 2920 504 3000 loeo),
530 2942 607 3002 quas
631 2919 692 2982 huc
715 2921 871 3000 pertinere
895 2920 942 2981 vir
966 2919 1183 3001 sagacissimus
1206 2919 1300 2982 intel-

180 3022 267 3100 lexit,
291 3026 443 3088 secundae
467 3027 571 3106 quarti
596 3048 622 3088 a.
649 3024 722 3088 our,
747 3025 862 3089 saeculi
892 3025 974 3106 parti
999 3029 1044 3088 est
1068 3024 1299 3088 vindicandum.

182 3130 286 3212 Atque
321 3134 355 3192 ut
386 3131 511 3194 tolleret
545 3132 627 3214 quod
664 3131 737 3194 huic
770 3131 911 3213 opinioni
946 3131 1100 3214 refragari
1132 3132 1299 3208 videretur,

180 3257 304 3298 versum
327 3232 658 3318 μηδὲν-κατορθοῦν
682 3237 924 3300 Demosthenem
953 3236 970 3317 ἕ
995 3239 1058 3300 290
1084 3260 1144 3301 non
1170 3260 1208 3300 ex
1232 3260 1301 3300 car·

181 3342 264 3405 mine
289 3344 379 3405 modo
403 3344 533 3407 recitato
564 3349 703 3425 repetere
727 3345 864 3420 censuit,
898 3344 950 3408 sed
975 3344 1063 3426 quasi
1088 3345 1191 3407 locum
1216 3367 1300 3407 coru·

180 3471 308 3512 munem
333 3472 370 3512 ex
394 3456 496 3513 vetere
520 3453 655 3532 quodam
679 3455 771 3533 poeta
795 3451 921 3527 afferre,
955 3473 1049 3533 quem
1073 3451 1173 3533 ipsum
1199 3450 1301 3528 Simo·

180 3556 284 3619 nidem
316 3579 379 3619 esse
411 3556 552 3621 scholion
584 3559 617 3621 in
642 3558 829 3641 Gregorium
854 3556 1089 3637 Nazianzenum
1113 3558 1207 3639 paulo
1232 3563 1301 3639 post

180 3687 198 3725 u
222 3662 421 3726 Kircbhoffio
446 3664 591 3744 (Hermes
613 3668 642 3729 6.
668 3665 746 3745 487)
771 3665 889 3728 editum
913 3687 969 3727 nos
994 3665 1102 3728 docere
1125 3664 1298 3728 videbatur.

181 3768 292 3833 Postea
324 3769 396 3833 huic
419 3774 592 3836 sententiae
622 3775 688 3855 ipse
720 3773 840 3835 diffisus
864 3771 1035 3835 Kirchhoff
1064 3771 1160 3835 verba
1184 3771 1300 3835 Demo·

179 3875 297 3938 athenis
326 3876 343 3957 §
368 3879 431 3940 290
464 3874 519 3938 καὶ
544 3873 576 3939 ἐν
600 3870 689 3962 αὐτῷ
712 3869 1049 3961 τούτῳ-κατορθοῦν
1073 3901 1111 3941 ex
1133 3878 1299 3941 subditicio

179 3983 318 4045 carmine
350 3984 540 4065 interpolata
572 4009 635 4050 esse
669 3987 796 4061 statuit3
832 4008 894 4068 qua
930 3986 1075 4068 „egregia
1099 3985 1293 4048 coniectura“

179 4085 294 4150 Kaibel
325 4085 381 4150 EG
411 4089 451 4152 27
489 4111 594 4151 omnes
627 4087 828 4152 difficultates
864 4090 1012 4152 sublatas⁴
1035 4111 1099 4152 esse
1131 4088 1297 4153 existimat.
