2970 4734
677 374 871 434 ..8-

213 552 384 634 pulcralem
410 572 474 613 esse
498 549 577 612 falso
600 550 698 612 tradit
722 549 898 612 Herodotus
922 548 965 629 (v.
991 548 1167 623 Kirchhoff,
1195 549 1333 611 Monats·

113 690 115 694 ³
214 659 278 722 ber.
303 658 332 720 d.
358 656 441 719 Berl.
467 655 567 718 Akad.
595 657 678 720 1878
703 678 733 737 p.
748 657 767 719 3
784 656 865 736 101.)
890 678 908 718 a
931 654 996 717 solo
1020 660 1193 719 correctore
1220 654 1331 717 antho-

214 763 317 847 logiae
351 762 427 840 (Vll
452 762 532 843 248)
556 761 618 826 Ceo
641 766 751 843 poetae
775 761 982 837 adscribitur,
1014 763 1064 825 oui
1097 784 1169 824 num
1203 762 1265 823 iarn
1295 760 1333 821 ab

215 870 436 933 Alexandrinis
459 869 596 931 tributus
619 869 668 946 sit,
694 870 828 933 discerni
851 891 914 932 non
939 873 1049 951 potest.

264 1005 265 1008 ¹
303 973 447 1037 Vidimus
470 975 569 1057 igitur
593 979 623 1038 et
646 975 678 1036 in
695 975 889 1038 Archedicae
913 979 945 1039 et
964 975 997 1037 in
1014 973 1243 1056 Spartiatarum
1268 974 1333 1054 epi-

212 1080 342 1164 taphi0‚
372 1080 444 1145 inde
467 1081 550 1162 quod
575 1103 679 1144 rerum
702 1081 868 1163 scriptores
892 1084 1002 1163 poetae
1026 1103 1140 1143 nomen
1164 1079 1335 1141 omiserunt

214 1187 343 1251 minime
374 1186 594 1251 concludamus
627 1187 720 1251 licere
751 1210 877 1251 carmen
909 1187 993 1270 quod
1017 1188 1070 1249 alii
1094 1191 1142 1248 sat
1166 1185 1334 1267 locupletes

213 1299 306 1359 testes
329 1293 481 1358 Simonidi
516 1294 698 1357 adscribunt
729 1294 768 1357 ab
793 1317 828 1358 eo
860 1316 923 1358 esse
947 1293 1093 1357 alienum.
1143 1292 1232 1366 Quod
1258 1295 1334 1355 bene

215 1404 320 1467 animo
344 1402 511 1466 tenendum
544 1424 608 1465 esse
640 1401 732 1464 iubeo
765 1424 835 1464 cum
859 1401 1008 1464 iudicium
1033 1401 1184 1462 faciamus
1207 1399 1245 1462 de
1270 1399 1334 1478 epi-

213 1516 390 1594 grammate
413 1507 559 1571 Kaibelio
583 1512 710 1571 auctore
734 1507 861 1571 minime
886 1506 1074 1578 Simonideo.
1104 1506 1229 1569 titulum
1255 1505 1333 1579 dico,

214 1637 307 1698 quem
332 1614 502 1676 Pausanias
519 1612 836 1676 Lacedaemoniorum
861 1634 915 1674 1611
936 1613 969 1674 in
992 1613 1114 1693 tripode
1137 1612 1192 1674 illo
1210 1611 1333 1673 Platae-

213 1722 279 1787 ensi
303 1720 477 1801 inscripsit:
499 1711 653 1781 ‘attotam
677 1709 814 1800 ἀρχαγὸς
838 1717 906 1780 κτλ.
932 1719 992 1800 (ep.
1018 1720 1079 1781 138
1106 1719 1213 1802 th).
1253 1718 1335 1793 Quos

214 1849 319 1890 versus
343 1825 514 1888 Pausanias
539 1825 696 1909 periegeta
721 1828 750 1888 3.
777 1826 806 1889 8.
833 1828 851 1888 2
876 1831 907 1890 61
926 1826 1023 1888 Anth.
1041 1826 1108 1889 Pal.
1124 1826 1170 1889 Vl
1190 1828 1250 1890 197
1278 1824 1333 1906 (Α)

214 1931 382 1995 Simonidis
415 1952 479 1994 esse
511 1931 722 2006 contendunt,
753 1932 889 1995 auctoris
920 1932 1046 1994 nomine
1070 1954 1133 1993 nou
1157 1931 1262 1993 addito
1287 1931 1334 1992 af-

213 2040 319 2101 ferunt
342 2037 540 2121 Thucydides
560 2038 586 2099 1.
615 2038 687 2113 132,
713 2037 763 2101 Ps.
788 2038 950 2102 Demosth.
976 2039 1008 2100 in
1032 2037 1145 2102 Neaer.
1173 2040 1225 2111 97,
1252 2037 1333 2099 Plut.

214 2147 250 2210 de
284 2145 400 2209 Herod.
433 2145 563 2228 malign.
590 2146 641 2208 42.
689 2144 750 2209 Sed
781 2145 861 2215 nihil
895 2146 956 2209 huo
987 2146 1109 2209 faciunt
1141 2146 1190 2208 Ps.
1220 2145 1335 2208 Demo-

212 2253 338 2317 sthenes
370 2258 401 2316 et
426 2252 614 2316 Plutarchus
646 2274 723 2336 quos
746 2253 874 2316 titulum
903 2276 939 2316 ex
964 2253 1147 2336 Thucydide
1171 2253 1335 2333 sumpsisse

212 2364 334 2423 constat
366 2382 467 2443 neque
500 2359 613 2423 Kaibel
644 2364 739 2442 negat
773 2358 816 2442 (p.
843 2362 933 2440 448).
980 2359 1016 2423 11
1041 2360 1233 2443 Thucydidis
1264 2382 1335 2422 vero

214 2467 251 2529 de
284 2467 342 2529 hoo
375 2465 602 2548 epigrammate
632 2465 811 2528 testimonio
844 2466 920 2548 quin
952 2467 1034 2529 idem
1060 2467 1163 2530 valeat
1196 2467 1277 2548 quod
1302 2453 1335 2528 111

214 2572 406 2637 Archedicae
423 2570 583 2653 epitaphio
608 2570 650 2649 (v.
667 2594 697 2653 p.
712 2570 767 2652 5)P
804 2571 915 2655 Neque
932 2574 1014 2636 enim
1040 2573 1104 2635 ullo
1120 2578 1211 2654 pacto
1228 2572 1334 2656 negle-

212 2681 332 2763 gendus
366 2679 524 2763 Cephalae
559 2682 590 2741 61
619 2678 797 2762 periegetae
833 2700 998 2741 consensus
1034 2681 1115 2743 unde
1148 2681 1177 2741 id
1210 2680 1333 2760 quidem

212 2788 352 2870 sequitur
376 2787 571 2869 epigramma
595 2786 689 2848 fuisse
712 2785 744 2847 in
762 2784 1014 2849 Simonideorum
1030 2786 1223 2850 collectione.
1260 2785 1335 2849 lude

215 2898 307 2975 euim,
333 2919 395 2959 nou
420 2919 457 2960 611
473 2896 628 2979 florilegio
652 2896 844 2979 periegetam
869 2897 1006 2961 hausisse
1023 2899 1264 2962 existimandum
1290 2903 1336 2960 est

213 3004 265 3086 qui
298 3026 369 3066 cum
400 3003 477 3065 alios
509 3006 627 3066 veteres
658 3007 764 3084 poetas
797 3008 864 3065 tum
890 3003 1082 3067 Simonidem
1117 3004 1193 3066 bene
1228 3004 1336 3066 calluit

213 3111 257 3192 (6.
284 3112 313 3172 9.
339 3111 369 3186 9,
406 3111 456 3172 10.
482 3110 533 3173 27.
560 3108 643 3171 461.
672 3111 699 3171 l.
725 3109 755 3170 2.
781 3108 825 3188 3).
875 3109 1003 3172 11111111
1027 3132 1100 3172 saue
1125 3109 1260 3172 Kaibelii
1285 3112 1333 3173 in·

212 3221 336 3298 ceptum
371 3214 506 3278 liberare
542 3220 665 3297 poetam
700 3215 769 3277 vilis
801 3216 920 3296 ingenii
954 3215 1138 3295 orimine¹):
1175 3238 1247 3278 nam
1281 3216 1334 3297 qui

214 3322 478 3385 Pisistratidarum
512 3322 629 3386 amicus
660 3320 755 3395 (Plat.
788 3321 962 3404 Hipparch.
999 3345 1028 3404 p.
1055 3321 1172 3395 2289,
1205 3321 1273 3384 Ael.
1306 3344 1332 3382 v.

215 3430 246 3492 h.
273 3429 301 3491 8.
328 3430 346 3490 2
381 3432 412 3492 61
443 3429 586 3511 inprimis
618 3451 665 3509 ep.
693 3429 766 3508 111)
797 3429 879 3491 idem
903 3450 966 3491 non
992 3430 1107 3492 veritus
1132 3433 1177 3491 est
1202 3427 1334 3490 Atheni-

213 3535 338 3599 ensibus
362 3535 558 3618 epigramma
591 3533 790 3616 suppeditare
814 3532 897 3614 quod
920 3533 953 3594 in
978 3534 1136 3614 crepidine
1159 3537 1333 3596 statuarum

216 3642 379 3705 Harmodii
403 3646 433 3704 61
458 3641 682 3724 Aristogitonis
706 3639 879 3702 inciderent
903 3641 964 3721 (ep.
995 3641 1065 3702 131.
1098 3639 1267 3721 Hephaest.
1294 3642 1334 3702 26

213 3772 250 3812 ex
284 3748 452 3811 Alexandr.
485 3748 640 3831 sylloge),
676 3770 746 3810 eum
778 3746 876 3808 multo
910 3746 1033 3809 facilius
1066 3747 1272 3810 iudicabimus
1305 3751 1336 3809 et

212 3854 386 3917 Pausaniae
409 3853 468 3916 sibi
487 3854 651 3917 victoriam
668 3853 837 3916 vindicanti
866 3854 993 3915 titulum
1019 3853 1127 3917 fecisse
1152 3858 1182 3916 et
1199 3854 1335 3916 Graecos

304 3995 329 4060 1)
349 3998 383 4049 cl'.
412 4013 483 4062 quae
510 3997 544 4050 de
572 3996 641 4050 lucri
662 3996 811 4049 Simonidis
839 3995 995 4064 cupiditate
1015 3996 1155 4063 congessit
1182 3995 1333 4049 Sternbach

214 4086 393 4140 meletemata
413 4083 519 4137 Graeca
539 4083 550 4135 Ι
570 4082 688 4136 Vindob.
710 4086 777 4137 1886
798 4103 823 4152 p.
847 4086 896 4136 138
908 4102 966 4152 sqq.
