2986 4726
598 336 819 405 ,ιγ-ι

150 519 255 604 gesch.
284 524 310 585 l.
335 520 423 601 385).
471 518 548 583 Cum
573 521 656 583 enim
680 519 861 583 Herodotus
888 520 1058 583 secundum
1087 523 1119 582 et
1142 517 1270 583 tertium

151 629 343 712 epigramma
367 619 530 708 ἑξαμέτρῳ
553 615 637 708 τόνῳ
660 627 776 708 scripta
800 648 863 690 esse
887 626 979 703 dieat,
1004 626 1076 689 inde
1092 626 1180 708 sequi
1196 648 1271 690 con-

152 735 250 798 tendit
274 735 364 797 utin
388 734 489 816 primo
513 738 637 816 poetam
670 733 731 796 alio
763 739 863 798 metro
897 756 988 796 nsum
1013 757 1077 798 esse
1101 734 1269 815 putaverit.

154 843 256 924 Atque
279 846 462 922 corruptum
486 863 551 904 esse
574 863 697 904 versum
714 842 808 904 etiarn
832 863 871 904 ex
885 841 1041 904 Pausania
1059 840 1165 924 colligi
1182 863 1274 922 posse

13 976 16 1007 ε
77 1015 78 1018 ¹
150 950 204 1031 qui
227 949 357 1011 eundem
376 948 529 1028 tripodem
547 948 767 1010 memoraverit
790 948 821 1010 in
840 947 995 1011 Boeoticis
1012 950 1040 1010 9.
1064 949 1113 1011 10.
1138 949 1172 1010 4:
1198 939 1271 1006 ἕντι-

151 1047 257 1138 φανής
287 1050 324 1114 δὲ·
347 1042 490 1131 μάλιστα
524 1051 577 1132 (sc.
608 1047 641 1112 ἐν
669 1053 715 1135 τῷ
743 1044 900 1135 Ἰσμηνίῳ)
932 1047 991 1114 ἐπί
1022 1075 1055 1115 τε
1087 1043 1274 1135 α’ρχαιότρτι

150 1157 207 1221 καὶ
229 1159 287 1219 τοῦΙ
311 1151 492 1232 ἀναθέντος
515 1157 556 1242 τῇ
573 1149 649 1243 δόξῃ
672 1153 808 1240 τρίπους
828 1155 916 1220 ἐστὶν
936 1150 1179 1242 Ἀμφιτρύωνος
1195 1150 1274 1219 ἅνα-

152 1271 247 1350 napa
286 1260 343 1325 ἐπὶ
375 1257 530 1345 Ἡρακλεῖ
567 1256 863 1351 δαφνηφορήσαντι.
892 1269 894 1272 ’
927 1267 1002 1330 lnde
1036 1267 1272 1349 inscriptionem

152 1376 253 1457 priseo
277 1375 411 1457 quodam
435 1378 535 1438 metro
560 1374 767 1455 conscriptam
793 1373 875 1437 hanc
899 1375 963 1438 fere
988 1375 1097 1439 fuisse:
1136 1365 1273 1436 Τώπόλ-

152 1482 227 1543 λωνι
262 1480 264 1567 l
297 1472 497 1562 Ἀμφιτρύων
529 1479 563 1559 μ’
593 1472 753 1563 ἀνέθηκεν
787 1490 789 1564 y
823 1474 905 1560 ὑπὲρ
928 1481 985 1542 τοῦ
1008 1476 1130 1556 παιδὸς
1161 1484 1163 1566 l
1195 1475 1275 1542 ἑλών

152 1579 220 1648 eiad
254 1578 455 1671 Τηλεβοάων,
504 1586 563 1650 Sed
595 1587 722 1650 minime
755 1586 848 1663 licet,
880 1589 963 1670 quod
994 1589 1031 1651 de
1063 1592 1163 1650 metro
1194 1587 1274 1650 nihil

153 1696 283 1756 adnotat
308 1694 493 1766 Herodotus,
517 1694 589 1756 inde
613 1695 641 1756 id
668 1693 851 1757 concludere
875 1696 956 1776 quod
982 1687 1133 1757 conclusit
1152 1694 1273 1776 Bergk;

152 1801 248 1863 immo
281 1823 352 1863 cum
382 1800 551 1864 secundum
583 1805 614 1863 et
644 1802 770 1864 tertium
804 1802 971 1864 distichum
1006 1824 1067 1865 nou
1101 1802 1273 1883 imparibus

154 1912 316 1970 uterentur
340 1906 478 1970 versibus
502 1928 581 1988 quae
615 1906 716 1969 forma
741 1905 892 1970 Herodoti
924 1911 1027 1970 aetate
1059 1908 1092 1969 in
1124 1908 1273 1970 eiusmodi

153 2015 254 2078 titulis
279 2016 373 2097 vulgo
398 2014 540 2091 valebat,
573 2014 625 2076 sed
650 2036 688 2077 ex
711 2014 831 2076 duobus
865 2014 1054 2078 hexametris
1086 2021 1275 2090 constarent,

154 2123 346 2186 mentionem
370 2121 457 2183 illam
482 2120 558 2183 fecit
582 2121 619 2183 de
644 2125 756 2197 metro,
791 2143 885 2202 quam
910 2122 1054 2184 omittere
1078 2144 1134 2203 par
1158 2121 1219 2183 luit
1242 2122 1274 2183 in

156 2230 256 2310 primo
281 2227 508 2308 epigrammate
531 2226 646 2308 quippe
670 2228 750 2308 quod
775 2227 991 2290 monostichon
1008 2250 1070 2290 non
1087 2229 1275 2310 discreparet

156 2334 195 2395 ab
220 2332 353 2395 aliorum
379 2331 645 2394 monostichorum
669 2334 900 2396 consuetudine.
948 2333 1059 2415 Neque
1084 2334 1171 2397 video
1197 2357 1275 2415 quo-

59 2435 65 2448 ”
156 2441 247 2501 modo
284 2438 452 2500 Pausanias
489 2459 527 2499 ex
562 2437 655 2500 titulo
690 2438 814 2520 qualem
855 2440 1023 2503 restituisse
1059 2441 1118 2503 sibi
1155 2442 1276 2503 videtur

157 2545 280 2628 Bergk,
318 2536 481 2624 Ἡρακλέα
525 2542 774 2629 δαφνηφαρρααι
813 2545 960 2628 colligere
999 2548 1136 2627 potuerit
1175 2569 1275 2628 neque

154 2654 282 2715 omnino
308 2651 474 2715 verisimile
498 2673 594 2712 unum
619 2655 713 2732 atque
737 2652 869 2714 eundem
885 2653 1038 2733 tripodem
1056 2653 1095 2714 ob
1113 2654 1275 2716 victoriam

155 2759 192 2820 de
216 2757 358 2821 Telebois
386 2762 577 2840 reportatam
610 2762 641 2819 et
674 2762 801 2839 propter
827 2757 969 2820 Herculis
1003 2757 1273 2840 daphnephoriam

155 2863 292 2925 dicatum
309 2886 383 2926 esse.
420 2864 501 2938 Quid
526 2885 597 2926 vero
623 2863 737 2925 mirum
761 2862 837 2924 duos
861 2865 997 2945 tripodes
1022 2888 1039 2926 a
1063 2866 1276 2929 sacerdotibus

155 2968 314 3032 Thebanis
337 2970 476 3033 subditos
493 2992 556 3032 esse
576 2970 825 3052 Amphitryoni‘?
861 2971 959 3045 Quem
977 2976 1170 3053 quantopere
1195 2973 1275 3034 cives

155 3077 325 3152 coluerint,
359 3077 462 3140 videre
486 3076 560 3138 licet
584 3099 620 3139 ex
644 3078 846 3158 inscriptione
880 3099 974 3158 quam
999 3079 1134 3140 servavit
1160 3079 1275 3141 Pausa·

156 3183 222 3245 uias
247 3185 276 3243 9.
305 3184 353 3245 ll.
383 3183 438 3261 l.¹)

244 3397 268 3453 1)
288 3395 401 3449 Thebae
429 3400 541 3463 praeter
567 3399 660 3450 cetera
685 3397 788 3464 oppida
817 3403 934 3451 ornatae
962 3400 1046 3451 fuisse
1075 3400 1205 3453 videntur
1235 3402 1275 3455 in·

154 3485 352 3553 scriptionibus
376 3500 447 3550 quae
467 3484 502 3536 ad
522 3484 649 3538 fabulosa
668 3488 796 3553 tempora
816 3487 994 3554 spectabant:
1024 3489 1058 3540 ad
1080 3493 1136 3542 tres
1156 3491 1190 3541 de
1212 3491 1276 3542 Am·

154 3573 303 3641 phitryone
327 3573 425 3626 titulos
455 3590 594 3639 unumque
622 3574 820 3627 Laodarnantis
846 3576 982 3628 accedunt
1009 3576 1069 3630 hini
1099 3579 1274 3646 epitaphium

154 3662 249 3725 (schol.
264 3662 290 3713 Σ
306 3667 358 3716 570
368 3681 407 3728 sq.
428 3662 528 3715 Jacobs
550 3680 613 3730 app.
636 3663 721 3715 luth.
736 3665 787 3716 390
807 3663 840 3715 cf.
861 3663 953 3716 Maass
976 3665 1088 3718 Hermes
1109 3669 1142 3719 23
1162 3685 1188 3733 p.
1203 3668 1275 3741 303),

154 3752 252 3804 titulus
267 3753 301 3805 de
313 3752 459 3805 beatorum
472 3751 570 3804 insulis
585 3751 687 3815 (Treta.
701 3751 738 3805 ad
751 3752 886 3820 Lycophr.
900 3756 968 3806 1194
987 3752 1173 3820 ἐπιγέγραπται
1189 3756 1275 3820 τάδε’)

368 3858 426 3909 „lib‘
447 3859 512 3910 εἰσὶν
530 3858 664 3924 μακάρων
685 3866 766 3924 νῆσοι,
788 3860 897 3924 ιόῦιπερ
919 3859 962 3910 τὸν
982 3861 1089 3926 ἄριστον

367 3948 441 4013 Ζῆνα
461 3949 532 3999 θεῶν
551 3948 665 4014 βασιλῆα
682 3948 741 4014 Ῥέη
764 3949 822 3999 τέκε
843 3950 905 4014 τῷδ’
926 3948 963 4000 ε’νῖ
982 3949 1075 4016 χώρῳ.

154 4052 299 4123 inscriptio
323 4055 443 4122 denique
469 4056 561 4109 Oucae
585 4055 729 4109 Minervae
756 4057 854 4125 templi
882 4056 978 4120 (schol.
999 4059 1061 4111 Eur.
1084 4059 1187 4113 Phoen.
1209 4063 1276 4113 1062

1079 4154 1094 4199 2
