2986 4726
685 384 904 445 „44—

233 558 313 622 libro
340 559 544 623 lticeardiano
568 560 650 637 996,
680 560 761 622 unde
786 581 884 641 nuper
908 559 1061 623 Riemann
1088 558 1185 640 (Bull.
1211 559 1249 622 de
1273 581 1352 622 corr.

234 666 307 728 hell.
333 664 348 729 l
372 690 401 748 p.
424 668 476 729 81.
505 669 576 730 134.
603 669 677 743 286,
701 667 858 749 supplevit
882 665 995 729 Kaibel
1020 667 1080 730 Rh.
1106 667 1149 730 M.
1175 668 1217 729 34
1241 689 1271 749 p.
1292 666 1352 728 183

235 795 265 834 n.
284 772 400 852 215a1)
423 778 454 836 et
478 796 506 856 p.
526 775 589 838 200
614 797 644 837 n.
664 774 765 856 enea)
791 774 1019 856 epigrammata
1040 797 1058 836 a
1076 773 1211 857 Kyriaco
1227 773 1259 836 in
1279 773 1354 836 Asia

233 883 264 942 et
288 879 474 963 Cycladibus
497 881 626 944 inventa
650 881 761 944 edidit:
788 881 871 943 inter
894 903 973 963 quae
998 881 1135 944 eiusdem
1159 879 1353 943 collectionis

235 986 333 1049 maior
358 1009 429 1070 pars
453 988 614 1069 repetitur.

323 1112 379 1176 Est
402 1117 506 1176 autem
530 1115 625 1177 codex
655 1113 734 1196 plut.
760 1115 801 1177 59
834 1136 863 1175 n.
892 1113 930 1176 17
961 1113 992 1174 in
1018 1135 1080 1195 quo
1104 1105 1175 1176 inde
1199 1136 1217 1175 a
1241 1135 1270 1195 p.
1293 1114 1353 1175 130

233 1219 332 1283 literis
356 1221 543 1302 capitalibus
567 1225 712 1284 exaratae
736 1221 872 1304 locisque
897 1221 949 1282 ubi
967 1221 1112 1284 inventae
1128 1224 1211 1295 sunt,
1236 1219 1354 1282 minus-

233 1326 310 1390 culis
333 1332 365 1390 et
380 1328 482 1391 rubris
499 1327 732 1392 characteribus
748 1328 780 1389 in
798 1328 940 1409 margine
957 1327 1120 1408 adscriptis
1136 1323 1354 1409 inscriptiones
1408 1407 1411 1412 Ι

233 1433 437 1497 inveniuntur
461 1434 563 1515 hae:²)

325 1577 351 1639 1.
375 1566 425 1638 Ἐν
448 1569 573 1661 Σμύρνῃ
597 1572 630 1637 ἐν
654 1576 837 1657 κυκλοτερεῖ
858 1567 1033 1657 μαρμάρῳ·

233 1741 262 1800 p.
293 1721 363 1780 aa.
422 1714 1092 1784 erreaoeeurnarurnrxnee

420 1826 1138 1899 ωοακκεκΛοΝοΔεκῑΗῑοκοο

419 1943 1152 2014 τετιμκκουουκεειοακτοκαε

422 2060 629 2129 nentur
649 2086 656 2101 ·
674 2058 1186 2129 οεῑκεΛοΝοιοΝετεκ

419 2175 1107 2247 σευκσκκλκτοῑιακαυωῑκγ

419 2290 1117 2363 Δωσαμοκῑωεικαοκυῑκσο

422 2406 1024 2477 Νοῑεκεσοιοατκοτεεοο

419 2523 1074 2594 nuunuoenroueunzrerou

421 2638 717 2710 uenonneor

339 2781 378 2849 Εἰ
402 2788 562 2874 τραφερῆς
587 2779 695 2872 αυὶσρς
719 2783 941 2871 ἁ(λ)ιτέρμυνα
965 2780 1081 2851 κύκλον
1104 2780 1250 2874 adelone,

339 2885 375 2956 oi
400 2892 482 2957 ποτέ
507 2890 593 2978 [μοί]
619 2918 690 2957 τινα
714 2896 813 2976 χώραν
838 2887 966 2976 οἷρείονα
991 2895 1084 2959 τοῦδε
1107 2888 1224 2982 νοήσῃς

340 2999 496 3064 θέσκελον
521 2990 588 3063 οἷον
611 2995 736 3076 ἔτευξεν
759 2993 939 3084 ἀγακλυτὸς
963 2993 1113 3086 Ἰωάννης,

339 3103 497 3170 κυδαίνων
520 3104 687 3188 βασίλειαν
712 3103 785 3194 ὅλης
808 3100 944 3188 χθονός·
971 3109 1006 3171 ἐκ
1031 3105 1154 3192 ῥοθίων
1178 3102 1237 3190 γάρ

339 3209 504 3299 τερπωλὴν
528 3206 687 3299 οἷκόρητον
711 3211 743 3277 ἕν
767 3206 862 3279 ἄστεϊ
885 3216 986 3300 dinen
1005 3207 1150 3302 Ὁμήρου.

321 3350 434 3414 Exstat
457 3352 653 3435 epigramma
685 3352 767 3434 quod
792 3352 830 3415 ad
855 3352 1056 3435 aquationem
1079 3351 1128 3415 vel
1153 3351 1191 3414 ad
1216 3351 1354 3414 thermas

231 3460 360 3539 spectat,
384 3457 417 3521 in
443 3457 639 3541 Anthologia
664 3458 729 3521 Pal.
757 3457 801 3522 lX
827 3459 890 3522 672
919 3448 1065 3541 (ἄδηλον
1104 3451 1149 3532 εἰς
1173 3449 1230 3542 τὴν
1254 3448 1353 3541 αὐτὴν

324 3662 348 3717 ll
368 3661 426 3716 Hoc
446 3663 620 3732 epigramma
640 3666 732 3718 exstat
752 3664 839 3718 etiam
858 3665 887 3717 in
907 3664 1001 3718 codice
1021 3663 1201 3717 celeberrimo
1216 3649 1353 3714 Schedelii

232 3749 301 3811 (cod.
321 3751 371 3804 lat.
392 3752 499 3805 Monac.
513 3755 564 3806 716
591 3753 624 3805 cs.
652 3752 690 3807 de
712 3753 810 3806 Rossi
836 3752 933 3806 Nuove
955 3752 1088 3806 Memoria
1114 3752 1169 3805 dell
1195 3751 1263 3804 lust.
1286 3750 1353 3802 1865

232 3838 403 3907 p.501eqq.l
423 3857 512 3908 neque
527 3840 618 3894 minus
638 3859 679 3911 ep.
691 3844 742 3895 698
763 3845 791 3894 et
803 3843 855 3894 854
869 3841 965 3895 Kaio:
986 3841 1032 3895 sed
1053 3859 1115 3894 cum
1130 3840 1229 3893 misere
1242 3837 1281 3891 ibi
1296 3836 1354 3889 nint

232 3931 371 3997 corrupta,
390 3928 460 3983 nihil
481 3929 560 3983 nobis
579 3930 644 3984 inde
658 3930 840 3984 emolumenti
861 3930 994 3984 accrescit
1013 3930 1048 3983 ad
1062 3930 1148 3983 verba
1168 3926 1351 3981 emendanda.

321 4020 348 4079 21
368 4016 436 4070 Cum
457 4018 530 4087 apud
547 4018 714 4072 Bandinium
734 4017 929 4088 inscriptiones
949 4017 1112 4071 minusculis
1132 4020 1244 4070 tantum
1263 4016 1352 4071 literis

231 4106 359 4160 redditae
372 4107 437 4172 siut,
452 4107 558 4175 primae
573 4108 697 4163 decimae
712 4109 893 4163 duodecimae
908 4109 1079 4178 exemplaria
1090 4107 1225 4161 Johannis
1236 4109 1353 4177 Seger.
