2986 4726
638 328 850 392 ..15-

185 507 259 571 licet
281 507 411 590 colligas
444 529 506 569 non
538 507 614 570 adeo
647 506 839 571 celebratum
870 504 961 568 illuni
991 505 1086 569 fuisse
1120 505 1234 570 fabulis
1267 528 1302 569 ac

185 615 419 679 narrationibus
443 618 478 677 ut
501 618 628 696 propter
652 636 723 677 eum
747 613 843 676 falsus
867 613 967 694 tripus
987 636 1056 676 cum
1075 614 1303 696 epigrammate

186 745 204 784 a
227 721 438 799 sacerdotibus
461 720 603 782 subditus
625 742 689 784 esse
705 721 862 802 putandus
878 724 965 783 esset.
1006 719 1116 802 Neque
1133 722 1304 803 quidquam

185 831 289 892 obstat
312 828 388 911 quin
406 827 537 892 Scaeum
556 826 683 889 Duridis
700 825 850 903 Samium,
876 849 969 909 quem
987 828 1126 909 pugilem
1152 834 1304 891 memorat

186 933 356 998 Pausanias
381 935 410 996 6.
438 934 487 995 13.
513 931 574 1011 5‚1)
599 933 683 995 hunc
707 932 863 1014 tripodem
887 935 928 996 ob
960 933 1124 997 victoriam
1148 935 1304 997 dedicasse

186 1062 374 1105 censeamus

275 1148 322 1211 De
338 1146 560 1210 Leodamantis
588 1169 657 1210 vero
682 1146 774 1210 titulo
791 1147 921 1230 Bergkii
945 1147 1118 1210 sententiae
1142 1170 1204 1212 non
1228 1147 1305 1211 item

185 1276 310 1338 possum
334 1253 488 1318 accedere.
528 1252 639 1335 Neque
663 1253 745 1316 enim
769 1276 908 1335 unquam
925 1253 1042 1316 Thebis
1058 1254 1096 1316 iis
1112 1252 1305 1336 temporibus

186 1364 442 1444 quorumcertam
450 1359 600 1423 habemus
610 1360 801 1436 memoriam,
812 1350 970 1440 μόναρχος
980 1360 1181 1441 magistratus
1191 1381 1303 1423 nomen

186 1467 314 1544 exstitit,
331 1467 459 1531 alterius
483 1472 588 1531 autem
606 1467 740 1530 civitatis
756 1462 1019 1549 povvoqye'ovco2)
1041 1471 1205 1549 propterea
1221 1468 1302 1549 quod

186 1573 245 1637 hoc
261 1574 327 1654 ipso
343 1595 471 1636 munere
485 1572 612 1635 functus
627 1577 715 1650 esset,
734 1572 885 1637 Thebano
898 1574 1039 1655 Apollini
1056 1575 1137 1636 dono
1149 1574 1304 1656 tripodem
1355 1628 1360 1638 .

187 1680 303 1744 dedisse
328 1680 391 1743 veri
417 1684 463 1743 est
479 1678 730 1742 dissimillimum.
771 1681 841 1744 Huc
858 1681 977 1745 accedit
992 1682 1075 1763 quod
1091 1703 1161 1744 cum
1180 1682 1305 1745 nomine

187 1787 291 1851 dorico
324 1775 535 1867 (Λαοδάμας)
567 1787 677 1865 ionica¹
699 1787 801 1851 forma
832 1785 1034 1868 μουναρχέων
1058 1811 1120 1852 non
1149 1790 1304 1852 convenit.

188 1893 287 1956 lmmo
311 1897 393 1956 certe
416 1914 508 1955 nemo
533 1893 612 1955 alius
640 1894 837 1977 significatur
861 1917 955 1977 quam
980 1917 1073 1977 quem
1105 1895 1180 1958 dicit
1204 1895 1305 1958 Hero-

187 2001 295 2077 dotus,
326 1999 516 2076 Laodamas‚
548 1999 683 2063 Eteoclis
707 2000 788 2063 lilius
819 2001 963 2083 idemque
986 2000 1208 2064 Thebanorum
1239 2022 1302 2063 rex.

188 2106 281 2171 Cuius
306 2106 424 2170 nomini
450 2128 520 2169 cum
544 2108 699 2189 tripodem
723 2109 914 2191 supposituri
939 2112 1040 2172 essent
1068 2107 1242 2171 sacerdotes
1274 2112 1304 2170 et

186 2213 329 2277 idoneam
365 2213 638 2295 circumspicerent
676 2214 929 2296 inscriptionem,
968 2215 1089 2278 donarii
1127 2214 1158 2276 in
1198 2215 1305 2277 eodem

186 2320 303 2401 templo
327 2318 470 2382 collocati
494 2319 587 2381 titulo
612 2320 651 2382 ad
674 2342 742 2383 eam
767 2321 990 2385 conficiendam
1016 2322 1103 2385 abuti
1128 2343 1190 2384 non
1214 2321 1304 2385 dubi·

186 2431 341 2490 taverunt.
377 2411 500 2508 'Neque
525 2427 608 2490 enim
633 2427 741 2509 negari
766 2432 867 2509 potest
897 2428 928 2490 id
952 2429 1033 2510 quod
1059 2429 1159 2493 obiter
1183 2429 1305 2491 monuit
1370 2505 1373 2510 Ι
1412 2427 1416 2434 '

186 2533 302 2597 Jacobs
326 2533 495 2613 (animadv.
521 2533 560 2595 ad
576 2531 675 2595 Anth.
697 2555 744 2616 gr.
762 2533 843 2596 llll
872 2557 901 2616 p.
920 2534 999 2616 372)
1023 2534 1184 2597 falsarium
1209 2557 1303 2617 quam

188 2639 424 2722 diligentissime
448 2639 505 2703 etsi
531 2662 640 2721 parum
665 2639 797 2703 feliciter
822 2640 909 2705 Scaei
934 2642 1169 2723 epigrammatis
1192 2641 1304 2724 legisse

189 2747 327 2830 vestigia.
387 2745 491 2821 Quid?
551 2746 772 2811 Laodanrantis
811 2771 924 2812 nomen
964 2770 1035 2811 cum
1073 2770 1136 2811 non
1174 2748 1305 2811 totidem

186 2854 314 2939 syllabis
338 2855 550 2918 contineretur
574 2859 651 2937 quot
674 2857 769 2919 verba
789 2858 907 2929 Σκαῖος
931 2850 1135 2936 πυγμαχέων,
1160 2856 1305 2954 lacunapn

187 2962 240 3026 ille
265 2961 454 3025 versificator
478 2962 638 3026 vocabulis
661 2957 790 3042 τρίποδ’
815 2955 913 3036 αὐτὸς
938 2963 1107 3026 inserendis
1131 2962 1236 3044 inepte
1252 2985 1306 3025 ex-

187 3070 286 3152 plevit
308 3073 340 3133 et
363 3091 433 3132 cum
457 3069 650 3150 pronominis
675 3059 771 3142 αὐτὸς
794 3069 915 3152 syllaba
939 3069 1092 3151 posterior
1115 3072 1187 3130 ante
1206 3087 1305 3153 poaq-

187 3167 273 3257 βόλῳ
297 3175 411 3256 corripi
435 3177 596 3257 nequiret,
628 3175 789 3258 epitheton
815 3168 966 3256 e‘boadrcrp
990 3175 1019 3236 in
1056 3175 1121 3237 eius
1143 3174 1307 3237 substituit

189 3282 304 3345 locum:
339 3302 413 3344 cave
442 3281 525 3344 enim
558 3286 647 3362 putes
678 3283 717 3344 ob
750 3282 846 3345 ullam
879 3282 973 3344 aliam
1004 3304 1128 3345 causam
1154 3270 1306 3360 ἑϋσκόπῳ

188 3411 245 3470 pro
267 3378 438 3475 fequo‘tp
471 3392 596 3469 poetam
630 3388 759 3463 dixisse,
792 3389 873 3469 quod
906 3387 1093 3450 adiectivum
1117 3387 1250 3451 Mercuri
1277 3392 1307 3449 et

189 3496 309 3559 Dianae
332 3495 452 3557 nomini
477 3517 533 3558 nec
558 3518 630 3559 vero
656 3496 812 3578 Apollinis
836 3495 950 3576 adponi
974 3494 1113 3557 memini.

277 3600 387 3683 Neque
411 3601 515 3664 minus
539 3601 607 3664 falli
632 3602 754 3665 videtur
778 3601 884 3683 Bergk
909 3600 941 3662 in
966 3601 1005 3662 iis
1028 3622 1108 3682 quae
1139 3601 1175 3662 de
1208 3605 1307 3662 metro

189 3707 331 3772 versiculi
362 3708 602 3790 Amphitryonis
635 3709 749 3789 tripodi
783 3707 923 3788 inscripti
955 3707 1077 3769 disserit
1111 3704 1178 3784 (Gr.
1210 3704 1306 3767 Liter.

279 3867 303 3929 l)
323 3869 424 3924 Σκαῖος
445 3868 648 3931 Schub.·Walz‚
668 3867 714 3918 καὶ
734 3867 770 3923 ὣς
791 3867 868 3919 codd.

278 3956 304 4019 2)
324 3956 441 4010 Exstitit
459 3957 641 4024 magistratus
660 3956 795 4021 μόναρχος
815 3955 844 4007 in
863 3973 918 4007 una
938 3957 974 4007 Co
994 3956 1093 4018 insula,
1121 3956 1154 4008 de
1175 3972 1228 4022 qno
1248 3956 1308 4023 egit

189 4047 388 4114 Dittenberger
407 4046 435 4097 in
455 4045 511 4098 ind.
532 4045 594 4098 Hal.
618 4048 732 4106 1885l8ss
755 4065 780 4113 p.
796 4045 860 4097 Xlll
873 4063 932 4111 sqq.
