2986 4726
664 350 884 410 „12-

212 526 312 579 liastae
332 527 404 580 unde
424 526 535 579 Boeckh
564 527 607 577 δῖα
627 525 717 577 θεάων
736 527 862 581 coniecit
899 571 900 575 ,
927 545 954 581 v.
972 530 999 580 4.
1038 527 1156 594 Πέρσαις
1175 530 1241 584 Ath.
1264 528 1266 597 l
1289 532 1332 586 dd-

211 635 288 681 μεναι
308 616 393 669 schol.
413 616 496 668 Matr.

301 756 370 820 Hoc
398 757 594 839 epigramma
624 758 833 822 tractantibus
865 759 947 822 haud
982 759 1114 843 exiguae
1145 762 1331 826 oboriuntur

214 863 426 926 difficultates,
473 861 556 926 Nam
583 871 618 925 ut
641 865 785 927 omittam
810 865 950 929 codicum
977 867 1078 929 varias
1093 866 1251 944 lectionesa,
1276 891 1331 932 ne-

213 992 273 1053 qnc
311 973 433 1032 constat
472 972 578 1030 utrum
617 969 764 1051 coniuges
800 967 1036 1032 Corinthiorum
1075 993 1114 1034 an
1155 973 1331 1037 meretrices

214 1061 368 1140 Venerem
393 1075 537 1157 precibus
560 1074 704 1152 adierint,
729 1097 799 1138 eum
824 1076 883 1138 hoc
901 1075 1092 1154 Athenaeus
1116 1077 1192 1140 illud
1219 1078 1331 1163 reliqui

212 1185 350 1260 tradant,
373 1205 475 1265 neque
498 1186 604 1244 utrum
628 1182 773 1245 mulieres
796 1182 869 1246 illae
886 1184 1055 1247 secundum
1074 1184 1229 1250 Athenaei
1245 1187 1332 1250 testi-

213 1292 354 1353 monium
377 1288 486 1351 tabula
509 1288 593 1370 picta
617 1311 658 1350 an
682 1289 763 1370 quod
789 1289 864 1352 dicit
886 1288 1072 1353 Plutarchus
1097 1293 1199 1356 aeneis
1222 1296 1333 1358 statuis

213 1397 332 1460 fuerint
343 1394 524 1458 honoratae.
556 1394 682 1458 Statuas
699 1394 753 1457 illa
766 1395 890 1477 quidem
908 1400 1010 1459 aetate
1023 1397 1205 1461 mulieribus
1218 1402 1333 1482 positas

214 1525 278 1567 esse
294 1507 359 1566 tam
375 1503 440 1565 veri
456 1501 604 1564 dissimile
621 1506 676 1579 est,
693 1506 728 1565 ut
744 1507 827 1566 recte
844 1502 957 1566 Kaibel
971 1504 1113 1567 reiecerit
1129 1504 1204 1585 (ah.
1222 1506 1264 1570 M.
1280 1509 1331 1569 28.

215 1611 308 1690 446);
345 1609 384 1672 ad
418 1609 574 1690 picturam
609 1612 715 1671 autem
751 1597 893 1670 ἕστάθεν
928 1610 1083 1691 pertinere
1118 1634 1181 1675 non
1211 1618 1331 1696 potest:

213 1739 314 1799 neque
339 1717 423 1779 enim
447 1716 545 1778 Anth.
571 1714 606 1778 P.
628 1714 674 1778 lX
698 1719 761 1780 605
782 1717 922 1798 *quadrat
945 1739 1006 1800 qno
1031 1717 1099 1782 loco
1123 1718 1228 1803 Bergk
1254 1719 1334 1784 hanc

215 1825 302 1888 verbi
327 1823 390 1885 vim
414 1823 494 1886 tueri
519 1823 628 1885 uoluit.
676 1822 757 1896 Quid
788 1823 908 1905 igitur?
955 1821 1144 1887 Omittamus
1176 1826 1333 1907 paulisper

215 1935 356 1994 auctores
380 1952 522 2013 quaeque
547 1929 592 1991 illi
618 1929 803 1992 fabulantur
826 1930 991 2012 ipsumque
1015 1931 1244 1995 consideremus
1268 1933 1333 2014 epi-

215 2059 370 2122 gramma.

304 2163 409 2245 Atque
445 2162 562 2243 optime
593 2161 699 2245 Bergk
731 2161 905 2237 intellexit,
936 2162 1029 2244 quale
1061 2162 1151 2226 nobis
1184 2121 1333 2227 traditum

215 2274 303 2346 esset,
328 2270 392 2333 eius
417 2269 550 2333 alterum
567 2268 734 2332 distichum
756 2291 826 2331 curn
844 2268 946 2350 priore
963 2291 1026 2331 non
1043 2269 1219 2347 cohaerere,
1238 2294 1331 2354 quam

217 2378 256 2441 ob
280 2400 347 2441 rem
370 2376 424 2441 ille
448 2377 573 2460 quidem
597 2375 718 2458 aliquot
742 2375 858 2438 medios
890 2397 995 2438 versus
1025 2376 1217 2441 intercidisse
1250 2378 1334 2441 arbi-

217 2488 332 2547 tratur:
358 2505 459 2566 neque
482 2486 588 2545 tamen
612 2481 724 2545 lacuna
749 2503 816 2544 meo
846 2481 960 2543 iudicio
992 2483 1157 2545 statuenda
1188 2488 1251 2559 est,
1282 2486 1333 2547 sed

218 2613 322 2655 versus
345 2589 471 2654 secundi
495 2588 683 2670 corruptela.
732 2587 799 2662 Quo
823 2587 855 2648 in
879 2609 969 2650 versu
994 2576 1149 2664 εὔχεσθαι
1177 2610 1239 2651 non
1264 2612 1334 2671 pre·

218 2697 319 2772 candi,
343 2698 395 2760 sed
420 2695 553 2759 vovendi
576 2695 640 2757 vim
664 2692 780 2756 habere
804 2693 895 2756 utin
926 2692 1019 2755 titulo
1047 2693 1238 2758 dedicatorio
1267 2718 1335 2758 ma-

218 2805 300 2866 xime
323 2808 370 2867 est
399 2802 576 2885 probabile:
608 2802 687 2864 haec
717 2800 800 2864 enirn
824 2789 982 2876 εὔχεσθαι
1012 2800 1100 2863 verbi
1131 2804 1163 2863 et
1193 2800 1336 2883 inprimis

218 2909 376 2992 participii
399 2909 588 2973 creberrima
612 2907 800 2991 significatio
824 2911 870 2970 est
900 2905 933 2968 in
958 2906 1058 2969 titulis
1090 2907 1334 2989 dedicatoriis¹);

218 3021 285 3080 tum
317 3016 349 3078 in
380 3016 483 3079 locum
515 3015 654 3098 corrupti
686 3014 771 3077 illius
805 3002 946 3075 ἕστάθεν
982 3013 1083 3076 activa
1118 3013 1218 3076 forma
1249 3015 1335 3078 verbi

218 3123 378 3187 cuiusdam
403 3122 565 3186 dedicandi
590 3121 767 3202 reponenda
783 3124 829 3183 est
844 3119 931 3182 velut
946 3108 1092 3181 ἅνθεσαν
1117 3119 1164 3182 vel
1181 3109 1334 3181 urdoavr’

219 3229 274 3310 (cf.
300 3248 441 3291 εστασαν
464 3230 530 3292 cod.
548 3227 642 3290 Matr.
660 3255 700 3281 =
718 3218 883 3308 ἔστασαν).
924 3224 982 3288 His
1005 3226 1049 3287 ita
1073 3225 1224 3289 restitutis
1244 3225 1335 3307 plane

219 3335 304 3399 alind
327 3340 421 3418 atque
445 3339 537 3398 antea
560 3336 716 3416 putabant
744 3333 802 3395 viri
827 3331 920 3407 docti,
944 3331 1103 3415 significat
1126 3332 1334 3415 epigramma:

219 3443 364 3507 mulieres
388 3443 471 3506 enim
500 3464 580 3525 qnae
604 3446 711 3505 votum
743 3440 884 3503 fecerant
914 3460 971 3520 pro
995 3437 1123 3502 Graecis
1155 3438 1336 3522 civibusque

310 3639 335 3704 1)
355 3640 484 3695 Conferre
504 3640 570 3694 licet
589 3637 762 3692 simillimum
782 3635 956 3703 epigramma
975 3633 1002 3685 in
1018 3633 1091 3687 Bull.
1103 3635 1175 3688 Corr.
1188 3635 1253 3689 hell.
1269 3639 1337 3690 1886

219 3749 246 3798 p.
260 3732 311 3783 367
330 3728 373 3794 (=
395 3730 476 3782 Allen
496 3748 522 3797 p.
534 3731 583 3781 197
603 3737 634 3781 n⁰
649 3727 755 3791 CXVIJ:

433 3818 541 3882 Ποντίῳ
560 3817 731 3883 ἱππομέδοντι
750 3815 902 3867 Ποσειδῶνι
923 3814 1030 3879 Χρόνον
1050 3815 1104 3864 via

487 3906 502 3972 ἦ
521 3906 596 3963 πόλις
616 3903 746 3970 εὐξαμένη
767 3903 853 3960 votet*
872 3900 990 3967 ἀνέθηκε
1008 3901 1066 3967 θεῷ

434 3993 563 4061 ἡμιθέους
583 4001 705 4061 σωτῆρας
724 3991 791 4059 ὑπὲρ
810 3993 950 4058 προγόνων
969 4012 995 4042 τε
1015 3992 1061 4044 καὶ
1080 3991 1169 4044 αὐτῶν

487 4082 533 4135 καὶ
552 4090 599 4150 γῆς
618 4082 664 4134 καὶ
684 4081 783 4134 τεκέων
802 4082 848 4134 καὶ
867 4081 1006 4149 σφετέρων
1024 4080 1138 4148 ἀλόχων.
