2986 4726
756 355 974 418 ⁴520.-

303 528 457 595 Corinthii
488 533 548 596 sibi
581 532 673 595 huius
705 533 748 595 rei
777 537 918 597 auctores
951 534 1082 597 fuissent
1113 524 1171 616 (ὥς
1195 526 1226 594 οἳ
1249 527 1423 614 Κορίνθιοι

301 624 564 721 μνημονεύουσιν)
580 640 610 702 id
625 661 695 702 eum
707 639 799 721 plane
812 644 1022 703 commentum
1036 661 1109 704 esse.
1142 639 1202 703 Sed
1216 643 1271 723 qui
1285 641 1423 717 tandem,

302 745 375 807 licet
398 745 469 828 equi
493 767 607 808 nomen
632 746 793 827 proprium
817 746 985 809 invenisset
1008 746 1040 808 in
1064 746 1178 829 lapide,
1202 751 1301 820 totam
1327 769 1422 830 quam

302 853 393 915 affert
417 853 596 917 certaminis
613 853 827 917 narrationem
850 854 922 917 inde
943 854 1046 935 potuit
1061 854 1222 918 divinare?
1262 853 1421 918 Eiusmodi

301 981 376 1022 sane
400 961 594 1042 argumentis
617 981 698 1042 quae
722 982 821 1042 paene
845 961 949 1025 taedet
965 961 1103 1024 refutare
1126 962 1186 1024 ista
1209 983 1305 1044 quam
1321 959 1422 1023 Kalk·

302 1089 398 1130 mann
430 1066 546 1149 aliique
579 1067 616 1130 de
642 1067 796 1129 Pausania
825 1068 990 1150 proferunt
1019 1069 1176 1131 sententia
1209 1068 1338 1131 minime
1368 1068 1422 1129 fir·

303 1179 417 1237 matur.
456 1172 557 1237 Immo
582 1196 619 1236 ne
644 1174 765 1236 novisse
788 1174 915 1256 quidem
940 1173 1135 1257 epigramma
1159 1174 1351 1257 periegetanr
1375 1173 1422 1236 vel

302 1284 385 1344 certe
409 1279 510 1343 obiter
534 1283 657 1342 tantum
682 1278 802 1362 legisse,
826 1279 898 1342 inde
923 1284 1054 1361 apparet
1078 1279 1159 1362 quod
1184 1280 1216 1341 in
1243 1281 1300 1342 hoc
1325 1301 1423 1362 genus

303 1388 374 1470 equi
400 1385 618 1461 masculinum,
643 1386 674 1446 in
693 1385 928 1448 Corinthiorum
944 1385 1125 1449 narratione
1149 1385 1335 1448 femininum
1359 1407 1423 1448 esse

303 1493 450 1555 videmus
507 1491 605 1566 Quem
638 1492 810 1554 dissensum
843 1490 935 1554 facile
971 1513 1008 1553 ex
1040 1512 1075 1555 eo
1108 1490 1310 1574 explicaveris
1340 1494 1421 1573 qnod

302 1622 382 1682 quae
407 1599 577 1662 Pausanias
608 1601 716 1660 narrat
747 1597 825 1660 nihil
850 1601 896 1660 est
928 1597 987 1659 nisi
1011 1595 1246 1660 Corinthiorum
1275 1597 1421 1671 fabula;

302 1707 411 1769 titulus
436 1711 540 1770 autem
573 1705 623 1768 vel
654 1705 693 1768 ob
725 1705 757 1767 id
788 1707 890 1786 ipsum
914 1705 1069 1788 genuinus
1094 1710 1140 1768 est
1168 1706 1250 1787 quod
1284 1706 1423 1769 novicius

302 1817 410 1900 procul
446 1817 541 1880 dubio
578 1816 667 1878 illam
704 1815 844 1878 fabulam
883 1816 1075 1897 respexisset.
1140 1815 1213 1879 Non
1253 1816 1423 1879 audiendus

302 1924 400 2004 igitur
424 1922 556 1998 Kaibel,
581 1924 635 2004 qui
659 1922 746 1985 nullo
771 1923 832 1986 alio
856 1926 1043 2006 argumento
1068 1923 1127 1985 nisi
1151 1945 1213 1985 uno
1238 1924 1422 2004 pronomine

303 2013 396 2103 οὗτος
427 2028 553 2111 allato1)
585 2016 753 2092 distichum
784 2029 986 2092 subditicium
1010 2051 1074 2092 esse
1107 2029 1225 2092 iudicat
1249 2026 1373 2106 (Jahrb.
1400 2029 1422 2089 f.

305 2133 416 2198 Philol.
445 2137 517 2198 105.
545 2133 633 2214 794).

395 2241 480 2304 ldem
505 2241 617 2305 Kaibel
643 2241 770 2305 alterius
795 2241 989 2304 monumenti
1012 2241 1212 2324 epigramma
1232 2240 1292 2322 (ll)
1317 2263 1423 2304 recens

303 2351 411 2411 fictum
432 2371 496 2411 esse
520 2349 669 2412 iudicavit
693 2348 768 2429 (Ru.
786 2348 866 2411 Mus,
884 2349 925 2410 28
950 2370 980 2429 p.
999 2348 1062 2409 458
1087 2351 1151 2410 not.
1170 2347 1216 2426 2),
1241 2347 1322 2430 quod
1348 2347 1423 2409 duas

303 2454 468 2537 Olympiae
504 2455 648 2518 victorias
679 2454 830 2518 Phidolae
865 2455 944 2517 filios
980 2454 1184 2535 reportavisse
1217 2452 1421 2535 praedicaret,

302 2553 448 2624 Eleorum
473 2562 590 2625 indices
613 2563 894 2646 olympionicarum
923 2583 1019 2624 unam
1043 2559 1142 2622 solam
1165 2564 1243 2623 teste
1267 2557 1422 2622 Pausania

303 2672 521 2731 memorarent.
570 2668 627 2731 Sed
653 2669 843 2751 insculptum
868 2668 963 2746 fuisse
987 2666 1182 2749 epigramma
1211 2667 1242 2728 in
1267 2687 1422 2728 marmore

302 2774 480 2838 clarissimis
505 2777 606 2839 verbis
630 2781 763 2840 testatur
786 2776 953 2858 periegeta.
991 2771 1102 2854 Neque
1126 2795 1199 2836 vero
1222 2773 1423 2836 inferioribus

302 2881 495 2963 temporibus
528 2903 719 2964 quemquam
743 2903 871 2963 operam
895 2880 1013 2943 dedisse
1047 2885 1081 2942 ut
1104 2880 1212 2961 priscis
1236 2879 1423 2962 quibusdam

304 2985 453 3049 Phidolae
486 2987 558 3049 filiis
591 2988 722 3051 alteram
755 2988 882 3069 insuper
906 2986 1074 3070 affingeret
1098 2986 1260 3049 victoriam
1285 2990 1316 3048 et
1340 2986 1422 3048 hunc

302 3091 429 3154 titulum
462 3093 557 3174 lapidi
589 3095 755 3171 incideret,
791 3098 1033 3156 consentaneum
1058 3098 1122 3157 est:
1158 3099 1246 3156 sexto
1270 3115 1343 3156 vero
1374 3093 1422 3155 vel

302 3199 413 3281 quinto
436 3199 559 3262 saeculo
592 3222 654 3262 non
687 3201 789 3281 potuit
822 3201 987 3283 quisquam
1010 3201 1139 3282 impune
1163 3200 1193 3262 in
1221 3203 1422 3262 monumento

302 3304 487 3388 Olympiaco
519 3307 582 3369 tale
605 3293 777 3370 inscribere
798 3306 1005 3370 mendacium.
1052 3304 1154 3369 Immo
1178 3307 1209 3368 id
1231 3310 1301 3369 'erat
1324 3328 1420 3387 quae-

303 3412 433 3475 rendum
464 3435 566 3476 nonne
594 3413 686 3477 aliter
709 3414 879 3477 dissensum
912 3413 963 3495 qui
990 3417 1035 3474 est
1058 3413 1140 3475 inter
1164 3413 1359 3494 epigramma
1392 3419 1423 3474 et

302 3518 419 3582 indices
443 3519 595 3582 victorum
621 3542 778 3583 removere
803 3520 963 3601 possimus.
1011 3519 1053 3582 ut
1081 3518 1231 3581 facillime
1254 3540 1327 3581 sane
1351 3541 1421 3582 cnm

303 3625 441 3709 Bergkio
466 3626 621 3708 particula
642 3630 670 3685 τ’
695 3631 765 3708 post
789 3619 917 3686 παίδων
940 3625 1057 3687 inserta
1075 3625 1180 3686 omnia
1205 3626 1421 3707 expediuntur.

304 3732 413 3795 Altera
437 3733 519 3796 enim
545 3733 685 3808 victoria,
711 3752 806 3814 quarn
823 3733 939 3795 frustra
964 3731 1124 3814 periegeta
1140 3733 1294 3813 qnaesivit
1318 3734 1349 3794 in
1374 3735 1422 3796 in-

303 3839 433 3914 dicibus
458 3862 520 3902 non
545 3845 612 3902 erat
631 3839 779 3903 Phidolae
797 3839 943 3915 filiorum,
969 3839 1020 3901 sed
1038 3836 1188 3901 Phidolae
1208 3839 1303 3920 ipsius
1328 3862 1422 3922 quam

303 3946 378 4008 vicit
401 3947 506 4009 eodem
524 3969 586 4028 quo
611 3947 744 4028 (postea)
769 3946 826 4010 filii
850 3968 940 4028 equo.
980 3944 1071 4007 Hanc
1090 3943 1240 4008 Phidolae
1259 3947 1419 4008 victoriam

394 4088 418 4153 l)
438 4088 478 4143 De
484 4089 647 4157 pronomine
656 4087 732 4144 οὗτος
744 4088 786 4140 illi
796 4089 885 4142 aetati
895 4089 1010 4142 minime
1021 4089 1113 4142 alieno
1124 4090 1188 4143 vide
1198 4105 1269 4157 quae
1278 4088 1336 4141 dixi
1346 4106 1373 4155 p.
1382 4091 1422 4140 10.
