2986 4726
634 387 854 449 ..37-

275 564 406 627 Athen.
434 565 484 626 10.
511 564 624 627 laod:
660 555 752 625 ἔπινε
784 558 821 624 δὲ
851 561 1006 626 πλεῖστον
1037 558 1093 623 καὶ
1125 553 1305 643 Ἀρκαδίων

185 660 316 754 (δ’δῆλον
347 668 376 730 δ’
408 663 436 732 εἰ
472 661 488 730 ὁ
519 663 679 750 Φιλίππῳ
711 659 936 748 διεχθρεύσας)
973 661 1016 742 aig
1046 661 1083 730 τδ
1116 663 1306 748 ἐπίγραμμα

184 775 284 859 δῆλοῑ,
319 769 399 857 ὅπερ
432 768 595 858 ἀνέγραψε
619 771 778 852 Πολέμων
803 776 855 852 (fr.
882 779 923 840 79
948 776 1081 856 Preller)
1106 770 1139 836 ἐν
1162 773 1209 857 τῷ
1233 768 1306 855 περὶ

183 883 247 943 τῶν
263 877 347 944 κατοὶ
364 874 477 956 πόλεις
498 873 774 965 ἐπιγραμμάτιον·
799 873 1042 957 τοῦ-κίλικος,
1082 883 1131 946 Ex
1150 880 1306 945 Athenaei

183 991 318 1073 epitome
340 990 393 1070 (cf.
412 989 552 1053 Dindorf
565 991 603 1052 ad
621 990 704 1053 hunc
720 990 835 1068 locum)
859 988 1033 1052 Eustath.
1058 989 1102 1052 ad
1119 987 1160 1052 ll.
1185 1010 1215 1070 p.
1231 987 1305 1062 746.

184 1096 241 1158 68:
275 1087 380 1178 είρῆκε
411 1093 447 1157 δέ
478 1117 527 1170 τις
561 1092 617 1157 καὶ
648 1097 734 1180 ῥῆμα
767 1092 802 1158 ἐκ
833 1096 890 1157 τοῦ
914 1087 1015 1177 ζωρδν
1046 1087 1083 1156 τδ
1108 1090 1306 1171 ζωροποτεῖν

184 1192 373 1284 ἐπιγράψας
389 1194 488 1264 οὕτω
513 1203 570 1264 τοῦ
595 1194 838 1277 πολυκώθωνος
858 1200 946 1264 τοῦτ’
964 1193 1052 1288 ῆρίον
1069 1192 1286 1281 Ἀρκαδίωνος
1301 1196 1303 1282 l

183 1296 218 1385 ὃς
242 1300 344 1372 θάνεν
368 1305 403 1370 ἐκ
426 1308 545 1396 χανδῆς
568 1306 763 1392 ζωροποτῶν
787 1301 926 1384 κύλικος,
957 1302 1029 1370 ἔνθ’
1055 1300 1113 1390 ὅρα
1136 1301 1172 1368 cci
1188 1304 1306 1392 χανδῆς

184 1402 221 1478 οὗ
244 1408 263 1502 ῆ
287 1409 437 1500 οίρσενικῆ
462 1409 628 1502 αἰτιατικῆ
653 1419 743 1479 ποιεῖ
765 1408 802 1478 τὸ
826 1408 942 1493 χανδόν
966 1409 1138 1500 ἐπίρρημα.

272 1579 299 1614 v.
313 1562 341 1615 2.
360 1560 530 1628 ὠρδώσαντα
548 1560 577 1612 δὲ
590 1562 624 1623 Α,
639 1561 777 1627 ὤρθωσαν
790 1561 852 1626 τᾷδε
866 1560 977 1621 Musun..
1000 1559 1031 1611 ὤ.
1045 1560 1108 1626 τῇδε
1128 1559 1235 1621 Raiba,
1255 1558 1306 1629 ὤγ-

183 1670 277 1702 κωσαν
297 1650 404 1704 Hecker
428 1667 525 1703 comm.
554 1649 588 1703 de
610 1651 726 1703 Anthl
753 1652 798 1713 13,
826 1649 873 1703 sed
900 1650 932 1702 cf.
959 1650 1044 1702 Anth.
1065 1648 1190 1701 PalVII
1213 1652 1306 1704 198.7

187 1738 319 1803 ὤρδωσεν
338 1744 409 1803 σᾶμα
427 1735 435 1764 '²
456 1755 482 1791 v.
503 1741 529 1792 3.
561 1738 634 1805 ἔφθη
654 1739 670 1789 δ
688 1740 712 1790 δ’
732 1739 754 1790 Α
776 1756 843 1792 corr.
865 1738 1021 1807 Schweigh.
1042 1734 1045 1805 l
1067 1737 1134 1804 ἁνήρ
1155 1737 1280 1792 Dindorf.

185 1844 212 1880 v.
231 1828 258 1879 4.
279 1827 409 1892 ὤνθρωπ’
431 1827 519 1890 Kaib.,
539 1827 663 1893 ἄνθρωπ’
683 1828 705 1879 Α
729 1827 732 1875 i
754 1827 784 1878 ἐκ
804 1828 905 1895 χανδῆς
925 1829 1090 1893 ζωροποτῶν
1109 1827 1221 1884 κύλικος
1241 1829 1305 1881 Ath.

185 1916 275 1976 Euat..
306 1916 353 1968 sed
380 1914 479 1983 χανδὸς
506 1917 676 1971 adiectivnm
703 1935 818 1985 pravam
842 1934 901 1970 esse
924 1917 1041 1970 formam
1068 1920 1142 1971 recte
1161 1917 1306 1971 contendit

183 2006 215 2059 G.
227 2006 346 2069 Curtius,
361 2005 472 2058 Grundz
492 2005 517 2058 d.
529 2024 570 2075 gr.
582 2003 688 2073 Etym.⁵
698 2009 758 2070 629,
778 2005 809 2056 ἐκ
824 2007 914 2071 ζωρῆς
927 2005 1138 2071 χανδοποιῶνκ.
1154 2005 1306 2060 Schneider

184 2095 310 2163 pessime,
336 2092 425 2160 (ὦνερ,
447 2090 450 2160 l
473 2093 635 2160 ὥνθρωπος)
654 2094 763 2161 χάλιδσς
783 2096 948 2160 ζωροποτῶν
966 2094 1065 2146 κύλικα
1086 2094 1201 2158 Ηθοίζθῐ,
1222 2113 1305 2162 quam

185 2183 373 2237 coniecturam
388 2202 454 2236 num
468 2183 537 2236 alibi
552 2184 637 2237 latins
650 2184 679 2236 id
693 2185 766 2251 quod
782 2184 924 2252 pollicitus
938 2187 988 2247 est,
1008 2184 1162 2238 firmaverit
1176 2184 1305 2251 equidem

184 2272 289 2332 nescio,
310 2270 447 2337 εδχανδεῖς
467 2273 489 2331 ζ.
512 2271 624 2328 κύλικας
644 2272 752 2326 Lohecl(
772 2273 872 2341 parall.
894 2277 916 2325 l.
938 2276 1003 2336 149,
1027 2271 1145 2340 εὐχανδῆ
1163 2274 1186 2333 ζ.
1207 2273 1305 2325 κύλικα

185 2360 283 2414 Kaibel
309 2360 382 2427 qnod
409 2364 506 2414 tamen
532 2361 561 2413 in
586 2363 695 2414 textum
715 2361 837 2429 recipere
857 2361 963 2416 veritus
982 2365 1033 2415 est.
1071 2363 1130 2432 Ego
1150 2362 1217 2430 quid
1236 2362 1306 2416 velit

183 2450 253 2502 illud
273 2467 306 2501 ex
320 2450 418 2518 poculo
437 2450 538 2519 grandi
558 2467 618 2503 enm
640 2451 742 2506 bibisse
755 2451 864 2513 nescio;
884 2451 969 2503 immo
989 2451 1083 2517 agitur
1103 2454 1171 2519 quot
1188 2453 1304 2520 cyathos

184 2539 294 2602 biberit,
319 2541 353 2593 cl.
377 2540 551 2609 epigramma
571 2540 788 2593 Callimacheum
810 2543 843 2593 37
864 2540 936 2608 quod
957 2540 1031 2594 infra
1049 2540 1208 2593 memorabo
1228 2539 1244 2605 ἡ
1265 2539 1305 2596 δὶς

183 2627 280 2695 ἐφεξῆς
299 2629 467 2695 προποδεΐσα
487 2629 566 2690 κύλιξ
573 2648 577 2680 :
608 2647 690 2697 quam
717 2630 751 2683 ob
778 2648 834 2684 rem
855 2629 952 2698 scripsi
972 2629 1001 2690 ἒξ
1019 2627 1119 2696 χανδὸν
1139 2630 1161 2689 ζ.
1182 2629 1304 2686 κύλικας.
1373 2659 1377 2666 ,

272 2753 320 2817 Dc
351 2755 544 2836 temporibus
568 2756 682 2838 quibus
711 2756 825 2819 vixerit
850 2756 1004 2832 Arcadi0‚
1037 2778 1075 2819 ex
1098 2777 1190 2819 versu
1213 2756 1306 2819 tertio

185 2860 249 2922 eius
281 2860 434 2941 epitaphii
467 2861 549 2942 quod
578 2866 706 2944 propter
735 2861 896 2925 insolitum
925 2863 1033 2926 mortis
1057 2883 1156 2946 genus
1179 2865 1245 2944 ipse
1268 2863 1305 2926 de

183 2965 286 3048 lapide
302 2967 465 3049 descripsit
481 2966 620 3044 Polemo,
637 2967 786 3031 indicium
803 2968 930 3052 aliquod
948 2969 1015 3033 erui
1032 2973 1143 3052 potest.
1180 2969 1305 3032 Etenim

183 3072 285 3136 forma
315 3065 403 3159 υἱῆες
432 3096 496 3136 non
521 3078 593 3138 ante
620 3073 823 3158 Apollonium
846 3073 1004 3139 Rhodium
1033 3076 1148 3140 usitata
1171 3098 1235 3140 esse
1259 3076 1305 3138 vi-

184 3179 273 3242 detur
297 3180 339 3260 (v.
365 3179 402 3245 G.
429 3181 551 3265 Meyer,
575 3181 700 3246 Griech.
726 3180 940 3246 Grammatik²
964 3182 981 3263 ἓ
1006 3184 1083 3262 320)
1106 3187 1137 3247 et
1159 3184 1307 3247 convenit

183 3288 276 3350 tertio
301 3310 327 3350 a.
352 3286 424 3352 chr.
449 3288 610 3367 saecul0‚¹)
635 3289 717 3372 quod
743 3289 910 3353 dialectum
934 3291 967 3353 in
991 3290 1218 3374 epigrammate
1242 3313 1305 3354 non

183 3395 339 3478 integram
371 3399 527 3459 servatam
561 3418 626 3460 esse
659 3397 815 3460 videmus:
852 3397 902 3460 sed
935 3398 1041 3461 omnia
1075 3397 1140 3460 eius
1173 3397 1305 3482 vestigia

184 3501 362 3564 delerentur
394 3504 419 3564 si
446 3501 627 3566 Kaibelium
657 3524 860 3585 sequeremur
890 3500 967 3587 τῆδε
990 3503 1216 3568 restituendum
1240 3527 1305 3568 esse

275 3737 299 3794 ll
319 3733 422 3798 Quodsi
448 3740 532 3803 poeta
556 3735 723 3788 Callimachi
748 3751 842 3788 versus
868 3735 949 3805 frgm.
971 3737 1022 3788 109
1049 3734 1130 3790 Schn.
1153 3737 1199 3788 καὶ
1222 3736 1306 3804 γὰρὸ

187 3821 319 3887 Θρηικίην
344 3820 393 3886 μὲν
419 3821 547 3888 ἀπέστυγε
569 3821 668 3889 χανδὸν
694 3823 805 3888 ἄμυστιν
833 3819 836 3890 l
866 3825 1044 3890 ζωροποτεῖν,
1071 3825 1152 3892 ὀλίγῳ
1176 3828 1200 3879 δ’
1225 3828 1304 3894 ἥδετο

183 3911 315 3977 κισσυβίῳ
335 3909 447 3975 (Athen.
461 3912 539 3965 44ss
556 3916 584 3967 et
603 3916 654 3966 477
666 3931 688 3976 c,
708 3914 756 3967 sed
776 3914 868 3983 priore
888 3914 948 3967 loco
968 3914 1114 3966 οἰνοποτεῖν
1133 3914 1223 3979 codd.)
1242 3915 1304 3968 imi-

183 4003 260 4053 tatus
279 4002 329 4059 est.
351 4003 383 4053 ut
402 3999 433 4052 G.
449 4001 543 4055 Curtio
563 4001 693 4065 (Grundz.
712 4003 739 4056 d.
759 4022 801 4073 gr.
820 4002 927 4072 Ελχω.5
948 4023 974 4074 p.
989 4001 1051 4069 629)
1071 4005 1194 4068 videtur,
1221 4005 1303 4060 alteri

184 4089 261 4144 tertii
281 4106 306 4142 a.
326 4088 389 4143 Chr.
409 4090 511 4143 saeculi
532 4091 607 4159 parti
627 4091 838 4146 adscribendum
859 4097 909 4147 est.
