2986 4726
724 343 942 406 -25-

280 545 281 549 ¹
316 508 324 562 l
360 518 420 584 Sed
444 524 479 581 ut
503 522 543 584 ab
567 520 626 584 hac
650 521 829 584 coniectura
853 521 1013 584 exordium
1036 543 1175 597 sumam,
1207 521 1296 586 obliti
1320 527 1394 586 suut

272 625 304 687 ni
335 625 429 688 fallor
461 626 520 688 viri
553 627 636 690 docti
667 627 806 708 spurium
840 627 918 690 illud
951 628 1033 710 quod
1066 627 1174 691 dicunt
1197 629 1393 712 epigramma

272 732 445 815 antiquitus
475 733 508 795 in
542 732 761 797 Demosthenis
794 734 982 804 editionibus
1017 734 1119 797 locum
1151 757 1214 797 non
1248 735 1393 800 habuisse

272 861 372 921 neque
396 843 518 902 exstare
541 839 599 902 nisi
631 840 663 901 in
688 844 777 922 parte
801 841 942 904 codicum
967 841 1128 904 deterioris
1152 846 1254 906 notae.
1302 841 1392 905 Unde

272 950 402 1028 apparet
418 968 455 1008 ex
472 945 633 1027 epitaphio
657 945 721 1009 sive
737 946 875 1028 genuino
898 947 962 1010 sive
978 946 1164 1024 adulterino,
1190 949 1272 1030 quod
1294 947 1393 1010 multo

271 1059 341 1138 post
373 1055 652 1138 grammaticorum
684 1056 797 1139 aliquis
829 1057 930 1119 textui
954 1058 1103 1135 inseruit,
1136 1057 1392 1139 interpolatorem

271 1185 433 1245 nunquam
458 1160 536 1225 haec
560 1163 665 1240 verba,
690 1186 771 1246 quae
795 1164 940 1227 omnibns
962 1165 996 1227 in
1013 1165 1171 1228 codicibus
1194 1169 1312 1243 extant,
1338 1166 1392 1227 ad·

271 1271 343 1333 dere
367 1270 513 1351 potuisse.
556 1269 623 1334 Nec
647 1271 750 1334 minus
773 1293 869 1354 quam
893 1274 986 1334 antea
1008 1276 1246 1352 proposuerant,
1271 1271 1393 1334 coniec-

271 1380 343 1439 tura
368 1376 525 1440 reicienda
549 1381 603 1442 est.
645 1376 724 1441 Cum
747 1377 831 1441 enim
854 1379 887 1440 in
911 1377 1037 1458 optimis
1060 1377 1149 1440 libris
1173 1377 1271 1458 §290
1298 1378 1392 1442 verba

271 1473 314 1554 ὦς
337 1483 387 1546 vel
411 1476 455 1558 ὥς
477 1477 515 1545 τὸ
539 1489 612 1548 ante
634 1480 734 1568 μηδὲν
758 1477 914 1566 ἁμαρτεῖν
938 1505 999 1548 non
1025 1484 1182 1567 legantur,
1212 1507 1317 1548 versus
1339 1483 1392 1548 ille
1484 1509 1488 1516 ’

272 1615 289 1654 a
323 1590 534 1655 Demosthene
570 1613 632 1654 non
668 1614 705 1654 ex
736 1597 840 1655 vetere
877 1592 1012 1674 quodam
1046 1596 1137 1673 poeta
1169 1591 1297 1654 haustus
1328 1613 1392 1655 esse

271 1701 389 1779 potest,
421 1699 473 1762 sed
505 1721 543 1762 ex
566 1699 632 1780 ipso
657 1699 884 1781 epigrammate
916 1699 1007 1762 modo
1032 1699 1162 1762 recitato
1188 1702 1330 1780 sumptus
1353 1697 1394 1759 sit

271 1827 393 1868 necesse
410 1804 495 1885 est.¹)
534 1805 747 1888 Anthologiae
770 1806 869 1889 igitur
892 1828 1017 1869 carmen
1033 1805 1120 1868 nullo
1137 1806 1228 1889 modo
1243 1805 1274 1868 id
1291 1797 1394 1887 potest

271 1911 398 1993 agnosci
430 1911 643 1994 epitaphium,
675 1913 756 1994 quod
788 1917 894 1975 orator
926 1913 1119 1976 recitandum
1151 1911 1288 1986 curavit,
1322 1933 1391 1973 cum

272 2039 371 2100 neque
403 2018 492 2080 illum
517 2041 639 2082 versum
664 2019 825 2082 contineat
856 2041 956 2101 neque
980 2018 1152 2082 causidicus
1184 2016 1232 2079 vel
1255 2017 1391 2098 sagacis·

270 2126 366 2189 simus
398 2147 435 2188 ex
459 2124 507 2212 his
531 2124 671 2188 distichis
701 2127 799 2207 possit
831 2127 942 2190 elicere
966 2126 1153 2189 sententiam
1176 2124 1309 2187 salutem
1333 2124 1391 2186 mi·

272 2233 363 2294 litum
388 2254 450 2294 non
475 2255 493 2294 a
517 2231 637 2296 consilii
662 2237 798 2309 auctore,
822 2235 873 2296 sed
900 2257 918 2296 a
939 2234 1003 2297 deis
1027 2233 1179 2314 pendere;
1205 2254 1300 2314 quam
1323 2253 1393 2294 sen-

272 2339 403 2402 tentiam
416 2339 515 2403 inesse
528 2340 748 2421 epigrammati
764 2340 860 2403 citato
873 2340 967 2421 paulo
980 2339 1063 2402 infra
1076 2339 1145 2401 vult
1157 2336 1392 2402 Demosthenes.

361 2463 440 2538 Quid
459 2462 576 2544 igitur?
617 2462 788 2545 Epitaphio
812 2468 879 2526 erat
902 2485 979 2545 opus
1004 2468 1035 2525 et
1059 2486 1129 2527 cum
1153 2463 1236 2526 inter
1254 2461 1394 2525 homines

272 2570 378 2632 doctos
408 2591 500 2632 nemo
525 2569 590 2633 fere
614 2574 737 2652 praeter
762 2569 995 2633 Kirohhoffium
1022 2574 1053 2632 et
1077 2569 1335 2632 Piooolominium
1360 2572 1394 2629 ut

275 2675 418 2738 Kaibelio
443 2676 645 2739 assentiretur
661 2699 679 2738 a
695 2699 727 2739 se
750 2677 920 2758 impetrare
936 2680 1048 2758 posset,
1074 2668 1199 2740 carmen
1216 2675 1292 2738 illud
1310 2674 1392 2756 quod

272 2783 305 2844 in
329 2782 533 2846 deterioribus
557 2782 779 2847 Demosthenis
803 2783 960 2847 codicibus
984 2783 1119 2846 traditur
1142 2784 1223 2846 tueri
1256 2786 1286 2845 et
1314 2804 1393 2864 quae

275 2887 440 2968 Karsten²)
471 2894 503 2952 et
526 2889 640 2954 Kaibel
670 2894 706 2952 ut
737 2889 791 2953 illa
822 2894 925 2953 aetate
957 2890 1088 2972 indigna
1117 2890 1393 2972 reprehenderant,

273 2999 327 3057 aut
352 2994 536 3059 coniecturis
569 3001 623 3059 aut
653 2996 911 3078 interpretatione
942 2996 1053 3059 tollere
1081 2995 1285 3059 conabantur.
1333 2995 1392 3070 Qui

274 3107 308 3164 ut
331 3101 486 3183 permulta
511 3102 720 3179 coniecerunt,
749 3124 829 3185 quae
854 3107 967 3165 cuncta
990 3101 1055 3164 fere
1079 3101 1202 3183 collegi,
1226 3102 1271 3165 ita
1294 3123 1393 3183 pauca

273 3210 322 3272 vel
355 3211 431 3272 adeo
462 3210 542 3273 nihil
573 3210 778 3293 probabiliter
807 3209 1061 3273 emendaverunt.
1111 3208 1256 3290 lnprimis
1287 3206 1394 3290 βραβῆ

365 3421 389 3486 1)
409 3423 468 3476 Etsi
488 3423 615 3492 Gregorii
635 3423 802 3476 scholiastae
829 3421 917 3486 (cuius
937 3423 1023 3476 verba
1046 3423 1120 3475 infra
1143 3441 1169 3490 p.
1189 3425 1223 3475 28
1242 3419 1392 3488 apponaml

273 3511 390 3564 nimiam
410 3511 491 3564 fidem
512 3511 634 3565 tribuere
653 3512 740 3564 nolim
762 3542 793 3549 -
814 3512 919 3566 etenim
932 3513 1005 3567 idem
1025 3532 1051 3581 p.
1063 3514 1115 3565 489
1128 3510 1268 3579 Euripidis
1282 3529 1391 3563 versum

274 3618 362 3654 novae
382 3600 542 3654 comoediae
569 3600 755 3654 adscribit-
776 3605 870 3655 tamen
890 3601 1094 3655 concedendum
1120 3603 1163 3653 est
1187 3600 1257 3653 nihil
1282 3603 1392 3652 obstare

274 3689 421 3757 quominus
441 3689 590 3742 Simonidis
614 3706 709 3743 versus
729 3690 830 3757 aliquis
857 3691 886 3743 in
912 3689 1072 3758 posterioris
1095 3690 1197 3744 aetatis
1217 3690 1391 3758 epitaphium

273 3782 400 3847 receptus
421 3779 465 3832 sit.

363 3886 389 3947 2)
410 3887 550 3940 Karstenii
565 3888 739 3954 argumenta,
754 3884 853 3952 quibus
868 3885 1025 3952 repetendis
1040 3887 1213 3953 supersede0‚
1228 3886 1350 3939 firmavit
1364 3890 1392 3940 et

274 3993 347 4028 nova
371 3975 508 4043 quaedam
535 3975 645 4029 addidit
664 3974 780 4028 Richter
804 3974 833 4026 in
860 3978 1067 4042 programmate
1087 3974 1271 4028 Malchinensi
1291 3972 1390 4036 (1883),

275 4064 389 4130 ignarus
410 4063 530 4118 Kaibelii
551 4067 580 4118 et
600 4063 743 4134 Spengelii
762 4063 992 4133 disputationum.
