2986 4726
640 310 860 404 -27-

188 538 246 598 pro
275 512 402 594 βροβέοι
432 516 534 580 forma
564 517 597 579 in
628 517 724 579 titulo
747 519 853 582 Attico
886 518 1010 599 publice
1042 518 1192 601 inscripto
1222 516 1307 581 nullo

188 623 280 686 modo
311 622 441 690 ferenda
474 622 559 704 est.¹)
618 622 661 686 Ut
691 626 796 687 autem
827 624 1001 707 genuinum
1033 624 1211 687 evincerent
1241 623 1306 705 epi-

188 750 332 811 gramma
364 728 423 791 viri
452 729 535 792 docti
568 751 586 791 a
618 729 811 810 paenultinro
843 729 1038 811 potissimum
1062 751 1152 793 versu
1175 729 1307 812 profecti

188 839 271 898 sunt.
311 834 390 898 Cum
415 835 499 898 enim
523 834 750 899 Demosthenes
773 836 806 898 in
831 835 849 917 ἓ
875 836 939 900 290
965 871 1004 880 -
1031 837 1107 899 haec
1131 839 1177 899 est
1201 857 1308 899 eorum

187 942 421 1024 argumentatio
459 978 493 985 —
533 942 617 1005 hunc
648 964 772 1005 versum
802 942 846 1006 sic
878 943 1103 1025 interpretetur
1137 946 1172 1006 ut
1202 965 1220 1005 a
1250 943 1307 1005 deo

187 1049 322 1131 pendere
352 1047 436 1111 dicat
466 1048 581 1112 milites
611 1048 776 1112 fautricem
800 1049 937 1113 nancisci
961 1049 1122 1113 fortunam
1152 1047 1213 1130 (τῴ
1237 1047 1307 1130 θεῷ

186 1147 246 1240 τήν
269 1154 325 1216 τοῦ
342 1154 525 1236 κατορθοῦν
549 1148 623 1229 τούς
645 1145 897 1237 ἀγωνιζομένους
920 1145 1063 1240 ἀνέθηκε
1086 1145 1244 1235 δύναμιν),
1269 1157 1307 1218 ad

187 1261 345 1339 mortales
370 1284 433 1325 non
457 1262 496 1324 ad
512 1263 583 1325 deos
598 1262 770 1326 infinitivos
786 1262 971 1343 κατορθοῦν
987 1267 1018 1326 et
1032 1258 1132 1345 μηδὲν
1153 1254 1307 1343 ἁμαρτεῖν

187 1369 365 1433 referendos
396 1391 461 1433 esse
493 1370 572 1433 velle
605 1375 771 1434 oratorem.
817 1369 909 1433 Hanc
937 1374 1041 1433 autem
1066 1369 1130 1432 eius
1153 1368 1306 1449 interpre-

167 1477 339 1541 tationem
370 1480 453 1539 stare
477 1498 539 1538 non
564 1498 665 1558 posse,
698 1478 725 1539 si
748 1499 872 1540 versum
895 1477 996 1559 ipsum
1020 1476 1178 1558 legamuS‚
1210 1475 1307 1538 immo

187 1583 328 1666 quemvis
360 1583 576 1646 hexametrum
608 1584 709 1647 solum
741 1585 785 1646 ita
817 1583 1049 1647 intellecturum
1078 1605 1160 1660 esse,
1198 1585 1232 1644 ut
1258 1581 1307 1644 dei

187 1689 332 1753 omnibus
364 1690 396 1752 in
427 1690 519 1753 rebus
550 1690 654 1754 felices
685 1691 921 1772 praedicentur3
953 1692 1059 1774 itaque
1089 1690 1176 1754 illam
1209 1689 1306 1752 inter-

186 1797 396 1878 pretationem
428 1796 473 1858 ita
504 1801 628 1859 tantum
651 1802 733 1860 stare
761 1819 869 1879 posse,
904 1797 930 1859 si
953 1796 1049 1860 verba
1079 1789 1112 1856 ἐν
1134 1793 1228 1879 βιοτῇ
1257 1795 1307 1871 „in

187 1905 351 1969 hominum
368 1904 448 1966 vita“
479 1904 671 1987 paenultimo
695 1906 798 1968 versui
822 1905 970 1968 adiuncta
993 1905 1065 1967 sint.
1103 1903 1201 1985 Atqui
1224 1925 1306 1965 nun-

186 2034 280 2094 quam
311 2012 472 2099 falsarium
505 2016 572 2075 tam
601 2012 748 2075 callidum
782 2011 923 2075 futurum
949 2012 1041 2074 fuisse
1073 2016 1108 2073 ut
1136 2010 1249 2073 additis
1274 2004 1306 2070 ἐν

186 2118 295 2202 βιοτῇ,
320 2142 400 2202 quae
425 2118 650 2182 Demosthenes
673 2124 709 2182 ut
732 2119 823 2182 modo
848 2119 955 2182 audita
978 2119 1121 2182 omittere
1146 2117 1304 2200 potuisset,

189 2231 309 2290 rectum
333 2248 438 2289 versus
461 2248 584 2288 sensum
609 2226 763 2302 efficeret,
796 2226 851 2308 qui
875 2227 967 2307 plane
991 2225 1069 2288 alius
1094 2224 1216 2286 futurus
1240 2228 1307 2286 erat

184 2333 314 2396 omissis.
360 2332 446 2415 Ergo
470 2332 616 2395 ultimum
641 2332 808 2395 distichum
832 2332 1005 2415 genuinum
1029 2353 1103 2407 esse,
1127 2331 1206 2393 etsi
1230 2329 1305 2391 ulti-

184 2461 282 2516 mum,
299 2440 380 2502 idem
399 2439 503 2502 valere
519 2439 551 2500 in
569 2440 678 2502 ceteris
700 2437 753 2518 (cf.
772 2439 915 2520 inprimis
932 2437 1084 2501 Weilium
1097 2438 1203 2500 Revue
1219 2436 1239 2498 l.
1257 2434 1304 2513 l.).

274 2545 360 2620 Quae
392 2546 624 2628 argumentatio
658 2569 719 2610 non
743 2547 818 2610 satis
842 2546 947 2630 gravis
981 2545 1058 2608 mihi
1083 2544 1206 2607 videtur
1230 2565 1303 2606 esse.

185 2652 424 2717 Concedendum
458 2657 503 2716 est
537 2653 710 2736 quemlibet
739 2649 1085 2736 μηδὲν-κατορθοῦν
1119 2650 1238 2714 omissis
1272 2644 1304 2710 ἐν

184 2758 280 2842 βιοτῇ
305 2760 396 2823 aliter
421 2783 456 2823 ac
480 2759 724 2823 Demosthenem
747 2759 980 2824 intellecturum
1004 2781 1068 2822 esse
1093 2795 1132 2801 -
1160 2761 1191 2820 et
1215 2757 1305 2820 aliter

184 2866 406 2929 intellexerunt
430 2888 536 2929 omnes
552 2871 680 2941 veteres,
705 2866 758 2948 qui
776 2888 898 2929 versum
915 2861 1157 2947 laudatve-unuh
1182 2885 1304 2927 omnes·

276 3079 300 3142 1)
319 3098 345 3131 v.
366 3078 550 3132 Meisterhans
571 3079 747 3133 Grammatih
767 3081 815 3132 der
835 3075 1303 3144 attischenInsohriften2p.109.

184 3168 261 3220 Idem
282 3168 364 3221 docet
383 3186 409 3235 p.
425 3170 476 3220 178
496 3168 605 3218 οὕνεκεν
624 3169 653 3220 in
670 3168 769 3221 Atticis
790 3169 881 3221 titulis
901 3169 1101 3237 imperatorum
1116 3169 1304 3221 Romanorum

184 3257 296 3310 demum
317 3260 411 3310 aetate
431 3257 559 3310 inveniri.

273 3344 299 3410 2]
321 3346 484 3414 Respiciunt
510 3347 544 3399 ad
569 3348 642 3401 hunc
662 3364 769 3399 versum
797 3347 853 3401 sive
875 3347 1059 3401 Demosthene
1086 3347 1143 3400 sive
1163 3345 1304 3399 Simonide

185 3437 298 3488 auctore
318 3436 375 3488 usi:
403 3436 545 3488 Aristid.
567 3437 578 3488 I
606 3455 632 3504 p.
653 3439 713 3490 592.
746 3438 783 3490 (oi
801 3435 870 3493 deci)
890 3435 929 3492 οἷς
949 3441 1073 3487 τοσοῦτον
1091 3436 1222 3500 περίεστιν
1242 3434 1304 3486 ὥστ’

136 3539 140 3546 ’
175 3508 215 3572 οὐ
236 3525 318 3588 μόνον
337 3523 411 3575 αὐτοὶ
433 3523 536 3592 τάγαθὰ
555 3525 638 3576 πάντα
658 3525 813 3592 κέκτηνται,
838 3524 904 3576 ἀλλὰ
923 3525 968 3576 καὶ
989 3533 1042 3577 τοῖς
1062 3525 1151 3582 ἄλλοις
1170 3524 1244 3576 adnot
1264 3524 1304 3575 νί-

183 3625 277 3676 μονσι’
301 3613 409 3679 νέμουσι
430 3614 458 3665 di·
478 3615 526 3681 οὐχ
547 3615 627 3679 ὅνπερ
647 3613 721 3665 αὐτοὶ
741 3613 881 3679 κέκτηνται
903 3615 1008 3679 τρόπον,
1029 3614 1084 3664 dtt'
1104 3615 1175 3670 ὅσοις
1196 3612 1225 3664 τὰ
1239 3613 1304 3679 κρά-

184 3721 255 3754 τιστα
270 3709 323 3754 τῶν
336 3703 492 3770 ἀνθρώπων
506 3704 610 3764 ἔδοσαν,
625 3702 654 3754 τὰ
667 3704 750 3754 πλείω
765 3704 927 3769 κατορθοῦν,
941 3703 973 3754 ori
986 3703 1060 3753 πάντ’
1074 3703 1177 3755 ἔδοσαν.
1208 3701 1304 3767 (etiam

186 3790 210 3842 ΙΙ
229 3795 280 3845 298
300 3796 328 3845 et
348 3796 397 3846 331
422 3794 517 3846 rhetor
536 3793 571 3844 ad
590 3792 674 3843 πάντα
695 3793 849 3858 κατορθοῦν
868 3793 994 3861 respicit,
1025 3810 1092 3860 quos
1113 3794 1186 3846 locos
1206 3793 1304 3846 attulit

184 3878 333 3947 Spengel).
379 3881 494 3934 Liban.
522 3900 569 3948 cp.
591 3884 657 3934 1554
682 3884 719 3949 (p.
739 3885 790 3934 705
816 3882 857 3934 ed.
882 3883 906 3934 J.
934 3882 995 3934 Chr.
1020 3881 1099 3934 Wolf
1127 3884 1219 3947 1738):
1247 3881 1302 3932 ἀλλ’

183 3966 278 4033 ἐκείνῳ
297 3968 346 4034 μὲν
365 3970 395 4020 ἐκ
417 3977 461 4020 τοῦ
475 3969 672 4036 ἐπιγράμματος
692 3970 819 4036 ἀπολογία
835 3991 871 4027 τις
891 3971 960 4022 ἔσται
982 3978 1027 4022 τοῦ
1040 3970 1160 4038 λέγοντος
1179 3971 1207 4022 τὸ
1219 3969 1305 4036 μηδὲν

184 4057 310 4122 ἁμαρτεῖν
330 4057 382 4107 ἑστι
403 4058 476 4109 θεοῦ.
507 4058 669 4112 Themist.
689 4078 731 4112 or.
747 4063 780 4111 22
800 4078 826 4129 p.
838 4060 929 4113 3351).
958 4058 1013 4110 ἐπεὶ
1033 4059 1061 4111 δὲ
1075 4059 1102 4110 τὸ
1114 4057 1198 4126 μηδὲν
1218 4060 1303 4124 ἁμαρ-
