2986 4726
686 352 725 414 15
775 385 812 397 .-

146 532 229 584 τεῖνδε
239 528 375 596 (Thanar.)
389 529 456 581 τεῖὸε
466 529 528 595 τῆδε
541 530 603 583 vult
613 529 706 599 Bergk
717 528 769 597 (gr.
780 530 864 584 Liter.
875 535 897 583 1.
909 533 960 583 204
974 533 1002 584 11
1012 530 1048 583 ad
1061 525 1262 597 Theogn.467),

146 621 193 676 sed
208 620 345 675 vocalium
359 619 491 674 diaeresis
506 620 643 686 quomodo
660 619 689 672 in
702 620 755 673 hoo
769 619 901 673 adverbio
915 618 1049 688 explicari
1063 618 1150 687 possit
1163 618 1264 672 nescio.

235 709 268 763 Π.
287 725 314 763 v.
333 709 357 761 1·
388 706 468 759 αὐτὸν
487 708 575 771 codd„
595 706 673 763 alltc
695 707 858 777 Schweigh.³
879 707 973 759 αὐτόθ’
993 707 1085 772 Stein3
1106 706 1174 759 ὧτον
1194 707 1264 774 ng.

146 799 218 867 quod
237 816 303 852 num
323 815 373 868 pro
396 796 519 848 ὠτωέντα
546 796 673 864 usurpari
692 796 780 865 possit
799 797 910 859 dubito;
936 814 1026 864 neque
1045 797 1180 866 intellego
1200 812 1264 864 qno·

144 887 225 940 modo
255 886 415 940 OFATON
435 914 467 921 -
492 887 531 940 sic
549 887 638 949 enim,
667 904 723 939 non
743 885 849 938 ΩΤΟΝ
865 886 894 939 in
913 885 1007 954 lapide
1027 885 1161 954 scriptum
1180 884 1264 938 fuisse

145 976 291 1030 contendit
311 1003 344 1012 -
362 979 451 1030 metro
471 975 629 1045 adaptetur.

236 1082 273 1144 ln
296 1082 378 1147 libro
401 1084 455 1166 qui
479 1085 561 1145 inter
584 1080 767 1144 Aristotelia
797 1082 914 1162 scripta
947 1081 1047 1144 fertur
1078 1074 1153 1160 περὶ
1178 1081 1262 1140 θαυ-

146 1183 275 1265 μασίων
299 1180 514 1267 ἀκουσμάτων
537 1189 673 1253 traditur
697 1210 722 1251 c.
752 1189 812 1250 133
837 1191 995 1270 repertum
1019 1187 1178 1269 quondam
1202 1207 1266 1249 esse

147 1298 180 1359 in
206 1295 381 1360 Aenianum
415 1296 528 1359 finibus
560 1295 696 1376 lapidem
729 1295 932 1377 inscriptione
964 1295 1138 1377 insignem:
1171 1315 1266 1376 quam

148 1425 217 1466 cum
235 1403 401 1486 indigenae
423 1403 577 1484 explicare
595 1402 769 1484 nequirent,
796 1401 938 1465 Athenas
957 1424 1092 1466 marmor
1109 1401 1266 1484 deportari

147 1510 311 1593 placuisse,
336 1510 390 1574 ubi
414 1532 482 1593 spes
500 1514 579 1573 esset
602 1510 684 1573 viros
704 1509 845 1572 literatos
861 1509 990 1572 titulum
1005 1509 1266 1590 interpretaturos

100 1666 104 1673 .
148 1641 221 1682 esse.
271 1618 316 1683 Eo
340 1640 410 1681 111111
434 1619 494 1680 iter
517 1617 657 1681 facerent
688 1617 803 1700 legati,
838 1617 876 1679 ab
909 1616 1084 1699 hospitibus
1108 1614 1267 1679 Thebanis

149 1747 199 1788 eos
224 1726 332 1788 ductos
355 1747 420 1788 esse
448 1725 480 1786 in
506 1723 630 1788 lsmenii
657 1723 813 1807 Apollinis
836 1724 1002 1806 templum:
1027 1724 1060 1785 in
1094 1722 1152 1786 hoc
1183 1723 1266 1785 enim

152 1831 244 1894 facile
268 1831 331 1913 peti
356 1852 443 1912 posse
467 1830 627 1893 literarum
649 1829 775 1893 illarum
802 1829 1102 1911 interpretationem,
1132 1851 1202 1892 cunr
1223 1829 1266 1891 ibi

150 1936 270 2020 aliquot
294 1937 395 2018 prisca
419 1937 549 1999 donaria
572 1936 726 2001 similibus
755 1937 987 2000 characteribus
1019 1940 1120 1999 essent
1153 1935 1266 1998 dicata.

150 2044 235 2118 Quae
252 2043 380 2106 donaria
396 2041 624 2124 intellegendos
640 2042 763 2106 eosdem
775 2042 912 2123 tripodes
925 2063 988 2105 esse
1001 2063 1078 2123 quos
1091 2040 1268 2105 Herodotus

148 2151 182 2212 in
200 2147 360 2229 lsmenio¹)
386 2148 515 2225 viderat,
540 2148 616 2211 scite
639 2149 863 2212 animadvertit
885 2149 1026 2211 Maffeius
1050 2149 1083 2211 in
1107 2153 1173 2212 arte
1198 2149 1267 2212 crit.

150 2256 212 2337 lap.
238 2278 268 2337 p.
287 2257 338 2316 22.
386 2254 471 2318 ldern
497 2256 615 2338 primus
649 2256 751 2337 quoad
785 2256 880 2319 sciam
911 2257 955 2319 eis
986 2279 1066 2338 quae
1099 2257 1136 2319 de
1166 2260 1268 2319 aetate

150 2361 314 2424 titulorum
337 2361 518 2425 Herodotus¹
544 2363 642 2424 tradit
669 2362 760 2424 fidem
794 2363 956 2444 derogavit
985 2368 1017 2426 11
1041 2363 1269 2447 epigrammata

149 2468 341 2533 sacerdotum
367 2468 476 2531 fraude
501 2468 584 2531 haud
608 2468 708 2531 multo
733 2474 805 2532 ante
820 2468 904 2531 illius
921 2474 1063 2552 tempora
1079 2469 1154 2532 ficta
1169 2469 1268 2551 tripo-

149 2575 301 2657 dibusquo
324 2575 422 2639 incisa
446 2576 617 2640 contendit.

238 2681 280 2743 111
303 2682 544 2765 Amphitryonis
569 2683 694 2764 quidem
719 2682 848 2745 titulum
871 2683 1072 2746 subditicium
1106 2705 1170 2746 esse
1193 2705 1267 2747 con·

150 2789 289 2850 sentiunt
323 2789 381 2850 viri
417 2789 513 2864 docti3
553 2811 662 2852 verum
696 2790 733 2853 de
771 2790 900 2872 reliquis
939 2790 1059 2853 duobus
1093 2789 1268 2872 tripodibus

151 2891 255 2954 Maffei
280 2893 458 2974 opinionem
484 2917 578 2975 quam
595 2895 688 2959 Wolf
703 2895 923 2959 Westermann
949 2895 1000 2957 alii
1026 2895 1161 2978 amplexi
1185 2901 1267 2972 sunt,

151 2999 257 3062 reiecit
281 3000 387 3084 Bergk
411 3002 472 3084 (gr.
498 3001 560 3064 Lit.
588 3005 616 3064 1.
641 3004 705 3065 201
736 3007 767 3065 11
797 3002 835 3064 ad
859 3000 1002 3084 Theogn.
1028 3001 1105 3083 467)
1139 3007 1170 3064 et
1202 3003 1268 3084 epi-

151 3112 329 3188 grammata
361 3130 440 3189 quae
473 3108 556 3171 inter
588 3109 766 3172 vicesimam
803 3113 834 3172 et
869 3109 1059 3172 tricesimam
1090 3108 1269 3192 olympiada

150 3214 267 3295 scripta
291 3220 392 3277 essent
415 3238 476 3279 non
503 3216 541 3278 ad
565 3215 724 3280 fabulosos
748 3216 817 3278 illos
842 3217 965 3293 1111011,
989 3217 1041 3279 sed
1066 3217 1103 3278 ad
1129 3216 1269 3298 pugilem

150 3323 306 3403 quendam
330 3322 460 3386 Scaeum
485 3327 516 3386 11
539 3324 577 3385 ad
601 3323 816 3386 Laodamanta
838 3322 982 3384 functum
1008 3322 1195 3402 magistratu
1219 3323 1267 3385 oui

150 3418 307 3510 μόναρχος
342 3452 456 3494 nomen
491 3434 569 3493 esset
603 3434 743 3511 spectare
782 3429 951 3492 contendit.
1007 3428 1077 3511 Ego
1112 3430 1145 3491 in
1180 3428 1269 3492 Seaei

152 3536 276 3618 quidem
312 3537 539 3618 epigrammate
571 3535 743 3618 Bergkiunr
778 3558 842 3597 rem
878 3556 935 3597 acu
971 3535 1110 3617 tetigisse
1145 3556 1268 3610 censeo;

151 3664 222 3704 oum
245 3643 328 3705 enim
352 3643 417 3724 ipse
442 3643 618 3706 Herodotus
643 3642 785 3725 ambigat
814 3646 919 3703 utrum
953 3640 1053 3721 tripus
1086 3641 1269 3704 referendus

151 3748 192 3809 sit
215 3748 254 3810 ad
278 3748 413 3829 priscum
438 3748 527 3810 illum
551 3747 778 3830 Hippocoontis
801 3747 901 3810 filium
918 3768 1026 3822 neone,
1050 3746 1122 3810 inde
1138 3747 1169 3809 id
1186 3752 1269 3811 certe

243 3978 267 4042 1)
288 3979 395 4046 Nempe
409 3979 479 4030 11111
499 3979 614 4031 tradunt
633 3979 810 4046 graiumatici
831 3984 859 4032 ct
878 3978 962 4031 schol.
980 3978 1093 4032 Anthol.
1111 3978 1207 4029 11111οῖ
1224 3979 1269 4029 111-

153 4070 259 4122 dicatos
279 4085 338 4120 1111
358 4067 488 4135 tripodes,
509 4067 580 4132 quod
602 4085 634 4120 ex
654 4068 699 4121 dei
719 4068 828 4120 nomine
849 4067 1015 4120 efficiebant.
