2970 4734
636 335 877 402 -5-‘

176 519 294 582 fontem
318 541 381 581 non
406 541 461 600 per
485 519 546 581 duo
570 519 618 582 vel
642 519 703 581 tria
727 517 891 581 hominum
915 531 1031 600 genera
1053 539 1167 599 purum
1192 523 1223 581 et
1246 518 1294 583 in-

175 630 299 708 tegrum
324 647 453 689 manare
476 646 567 688 nemo
592 625 730 708 negabit.
768 623 963 707 Ergosi'eis
987 646 1067 708 qnae
1084 623 1198 688 Kaibel
1221 647 1294 706 pro-

175 733 279 813 posuit
302 736 416 795 rectam
441 731 652 794 subiunxisset
675 725 904 811 conclusionem
914 775 937 819 ῥυ
949 731 1157 811 profitendum
1183 732 1211 795 ei
1234 730 1296 795 fnit

174 838 375 911 nosnullum
401 838 528 900 omnino
552 838 747 920 epigramma
774 828 866 902 certis
890 858 960 900 usos
983 838 1169 901 testimoniis
1193 838 1295 902 Simo·

174 946 239 1008 nidi
263 945 402 1008 tribuere
425 966 512 1026 posse
522 944 557 1023 ¹).
627 1007 628 1010 ,

264 1051 376 1133 Neque
401 1073 473 1114 vero
496 1049 561 1114 t'am
586 1052 668 1124 male
693 1075 741 1116 res
764 1052 942 1140 dehabent.
982 1050 1108 1114 Etenim
1124 1050 1196 1113 inde
1212 1051 1295 1133 quod

99 1159 104 1168 '
175 1159 373 1242 Thucydides
404 1162 527 1240 poetam
552 1158 746 1223 Archedicae
775 1158 927 1241 epitaphii
950 1156 1151 1240 ignorabat2)
1177 1179 1295 1240 nequa-

176 1287 268 1347 quam
303 1265 450 1347 colligere
484 1264 557 1327 licet
589 1263 673 1327 illius
702 1269 804 1329 aetate
835 1266 1099 1348 epigrammatum
1127 1263 1296 1328 Simonidis

176 1370 388 1434 collectionem
422 1371 559 1434 nondum
584 1372 753 1434 exstitisse:
790 1372 864 1454 quid
888 1373 972 1435 enim
996 1370 1110 1433 mirum
1134 1368 1294 1453 Thucydi-

175 1477 243 1540 dem
267 1477 321 1559 qui
346 1497 383 1539 ex
408 1500 563 1541 marmore
587 1477 749 1560 descripsit
772 1477 900 1541 titulum
925 1482 1035 1559 poetae
1059 1498 1172 1539 nomen
1196 1476 1295 1558 lapidi

174 1606 236 1647 non
261 1583 393 1646 incisunr
417 1583 564 1661 omisisse,
591 1585 664 1666 quid
682 1586 795 1647 mirum
813 1607 884 1647 eum
907 1585 961 1666 qui
978 1589 1103 1667 praeter
1120 1583 1294 1646 Homerum

176 1693 206 1751 et
230 1688 401 1753 Hesiodum
424 1689 547 1753 nullum
568 1696 693 1772 poetam
717 1697 879 1768 memorat,
905 1691 1054 1756 eiusmodi
1079 1690 1294 1754 collectionem

176 1801 230 1859 ant
252 1818 314 1860 non
338 1798 459 1860 novisse
483 1802 538 1860 aut
561 1799 682 1861 etiamsi
699 1799 845 1875 novisset,
869 1801 968 1863 inesse
985 1798 1060 1862 haec
1079 1798 1147 1880 ipsa
1162 1795 1294 1860 disticha

176 1902 308 1966 oblitum
332 1906 422 1967 esse?
468 1901 568 1967 Immo
601 1907 625 1968 si
656 1906 826 1970 rectissime
851 1905 964 1969 Kaibel
990 1905 1167 1968 Aristotelis
1192 1908 1295 1968 aetate

175 2011 437 2093 epigrammatum
462 2012 676 2076 collectionem
701 2013 795 2076 fuisse
819 2012 995 2089 contendit,
1019 2013 1111 2076 haec
1134 2033 1205 2075 non
1229 2033 1295 2092 po-

174 2117 249 2181 tuit
277 2140 347 2181 non
377 2119 421 2181 ab
452 2119 536 2199 ipso
567 2117 760 2182 Simonide
792 2119 896 2182 facta
927 2124 1040 2202 atque
1071 2122 1126 2182 aut
1157 2141 1175 2181 a
1204 2122 1295 2200 poeta

175 2224 241 2305 ipso
265 2229 319 2287 aut
343 2230 465 2288 mortuo
489 2248 525 2287 eo
559 2249 577 2287 a
600 2231 806 2306 cognatorum
831 2226 984 2308 quodam,
1018 2225 1148 2288 fortasse
1172 2247 1190 2287 a
1214 2224 1295 2288 Bac·

176 2331 298 2414 chylide
322 2330 425 2394 edita
449 2331 570 2410 esse3).

264 2437 339 2501 lude
370 2459 511 2501 manasse
541 2444 782 2502 consentaneum
807 2444 853 2502 est
878 2440 1163 2503 Alexandrinorum
1188 2460 1294 2522 gram·

176 2545 360 2608 maticorum
391 2545 553 2628 syHogen,
587 2568 681 2627 quam
714 2546 896 2627 compilavit
920 2546 1078 2629 Meleager
1101 2546 1217 2626 aliique
1242 2545 1296 2627 qui

175 2651 330 2735 florilegia
345 2657 596 2734 composuerunt.
633 2650 696 2716 Ubi
712 2653 768 2715 etsi
785 2652 934 2716 lemmata
958 2653 1035 2734 quin
1051 2652 1188 2734 primum
1210 2657 1296 2716 recta

176 2759 331 2841 adscripta
355 2758 474 2822 fuerint
497 2780 558 2820 uon
584 2764 630 2821 est
653 2780 708 2821 cnr
732 2758 927 2835 dubitemne,
954 2764 1059 2822 tamen
1089 2758 1243 2841 paulatim
1267 2763 1297 2821 et

176 2864 353 2929 alibrnriis
377 2870 407 2929 et
438 2888 456 2927 a
480 2887 631 2928 novorum
656 2864 881 2947 florilegiorum
905 2865 1120 2929 conditoribus
1150 2869 1297 2949 corrupta

176 2972 288 3035 omissa
311 2975 433 3035 mutata
451 2976 533 3034 sunt.
573 2970 676 3045 Quare
693 2971 883 3052 permultum
908 2972 1056 3037 interesse
1071 2972 1211 3037 videmus
1235 2993 1297 3056 quo

267 3169 290 3224 n
311 3167 501 3236 Schaumberg
521 3167 565 3229 (de
578 3166 700 3221 dialecto
714 3167 818 3220 Simon.
833 3172 884 3221 etc.
905 3187 931 3236 p.
946 3171 973 3231 7)
993 3168 1143 3222 Simonidis
1158 3167 1296 3235 epigram·

176 3259 253 3309 mata
272 3274 327 3310 non
346 3274 405 3311 esse
419 3258 537 3310 collecta
557 3262 651 3311 censet
671 3262 736 3311 ante
752 3258 954 3312 Alexandrinos
968 3258 1166 3327 grammaticos
1187 3256 1297 3324 quiunt

176 3348 279 3398 famam
305 3347 391 3398 secuti
418 3351 467 3399 aut
496 3364 529 3399 ex
556 3347 716 3400 coniectura
744 3351 845 3415 poetae
874 3365 976 3401 nomen
1002 3347 1182 3401 addidissent.
1226 3345 1298 3399 Sane

176 3434 275 3486 mirum
296 3452 359 3488 eum
378 3435 426 3502 qui
445 3435 487 3488 ita
506 3435 618 3495 sentiat,
639 3436 672 3490 de
693 3436 843 3490 Simonidis
864 3436 982 3490 scribere
1002 3437 1131 3490 dialecto
1147 3464 1178 3471 —
1199 3434 1297 3502 Neque

176 3522 256 3576 video
275 3524 412 3590 quomodo
428 3524 519 3592 Bergk
534 3522 621 3585 (PLG.
633 3522 684 3577 ΙΙΙ4
704 3544 730 3592 p.
744 3529 795 3577 447
806 3523 876 3588 not.)
898 3525 1042 3588 „carminis
1057 3528 1198 3578 auctorem
1213 3540 1295 3589 quem

176 3611 318 3678 ignoravit
339 3612 503 3667 Aristoteles
523 3618 621 3681 postea
640 3614 770 3683 indagari
789 3613 928 3682 potuisseu
951 3617 1039 3682 putet.

265 3700 292 3765 2)
312 3702 397 3756 Recte
411 3703 485 3755 enim
500 3702 599 3756 Kaibel
613 3702 650 3771 (p.
663 3701 725 3766 453)
739 3703 890 3757 verisimile
905 3720 963 3757 esse
976 3702 1093 3771 negavit
1103 3701 1294 3769 Thucydidem

177 3788 318 3845 Simonide
337 3791 507 3845 nominando
527 3792 821 3860 supersedendum
841 3795 962 3860 putasse.

265 3878 292 3944 3)
312 3880 419 3932 Prodiit
448 3880 535 3949 igitur
563 3880 649 3934 editio
677 3881 836 3948 Syracusis,
866 3882 895 3933 in
924 3882 990 3934 urbe
1017 3882 1162 3935 literarum
1191 3879 1297 3947 gloriae

177 3968 389 4022 Atheniensium
409 3972 476 4021 tunc
495 3969 615 4023 maxime
629 3971 747 4022 aemula.
776 3989 801 4022 v.
817 3970 902 4025 etiarn
917 3969 1009 4024 Christ
1029 3970 1132 4038 griech.
1143 3969 1296 4023 Literatur·

176 4057 268 4124 gesch.
288 4074 313 4124 p.
328 4059 379 4109 252
399 4074 426 4108 n.
440 4059 464 4108 6.
