2986 4726
643 332 857 394 ,33-

192 512 245 595 qui
270 512 301 575 in
319 511 452 576 aliorum
468 510 656 592 scriptorum
671 509 829 574 codicibus
852 514 922 592 post
938 510 1073 574 alterum
1096 500 1310 573 hexametrum

192 620 416 701 insequuntur,
451 617 520 680 fieri
550 638 612 679 non
636 638 725 699 posse
750 616 947 699 perspicuum
972 620 1019 678 est
1053 620 1088 678 ut
1115 637 1166 679 eos
1189 615 1312 678 noverit

193 724 435 808 philosophus.¹)
482 722 565 786 Nam
597 724 622 786 si
654 722 797 787 consulto
829 745 890 786 non
922 723 1080 807 integrum
1105 745 1231 787 carmen
1255 743 1311 803 ap·

190 832 358 914 posuisset,
390 833 441 894 sed
470 853 526 894 suo
550 830 682 894 arbitrio
707 831 790 895 hunc
814 831 976 895 velillum
1000 852 1124 894 versum
1147 831 1311 907 omisisset,

190 937 300 1001 misere
331 937 472 1019 profecto
506 937 696 1001 claudicaret
727 937 928 1018 comparatio,
989 935 1187 1018 Quamquam
1221 936 1312 999 aliter

189 1048 293 1107 censet
316 1043 455 1107 Joannes
478 1042 621 1107 Schmidt
644 1044 676 1106 in
701 1044 917 1106 dissertatione
941 1044 978 1106 de
1004 1041 1053 1105 Ps.
1072 1041 1221 1105 Herodoti
1248 1042 1312 1104 vita

192 1147 322 1213 Homeri
347 1148 431 1230 (diss.
456 1150 534 1231 phil.
560 1150 632 1213 Hal.
658 1152 677 1213 2
708 1173 737 1233 p.
766 1152 852 1231 169),
879 1151 932 1213 ubi
957 1148 1044 1211 nulla
1067 1148 1195 1211 omnino
1219 1170 1312 1211 causa

191 1258 288 1320 allata
320 1257 403 1321 hunc
435 1258 467 1320 in
498 1259 624 1321 modum
653 1258 776 1341 quaerit
813 1280 904 1333 „num
931 1256 1070 1319 Platonis
1094 1255 1205 1318 relatio
1230 1256 1311 1318 cius·

191 1366 273 1429 modi
306 1388 370 1430 esse
400 1366 476 1429 velit
506 1388 586 1448 quae
617 1355 757 1460 stile-tppr
789 1365 883 1428 fidem
904 1363 1078 1427 inculcet&
1127 1361 1214 1437 Quod
1249 1383 1310 1424 non

191 1472 252 1535 alio
275 1472 329 1535 ille
352 1472 483 1535 consilio
506 1471 667 1536 contendit
690 1494 786 1554 quam
809 1475 845 1534 ut
868 1471 1004 1553 primum
1028 1491 1152 1552 quoque
1177 1490 1310 1544 versum,

191 1600 282 1661 quem
314 1600 421 1641 omnes
454 1578 573 1641 codices
605 1576 755 1639 exhibent
790 1600 808 1639 a
841 1575 1021 1658 philosophi
1054 1579 1143 1639 textu
1174 1574 1312 1658 genuino

191 1686 329 1748 alienum
362 1707 425 1748 esse
456 1685 655 1749 demonstret.
703 1683 772 1748 Hoc
805 1685 889 1746 enim
919 1683 1043 1746 sublato
1072 1683 1196 1746 demum
1231 1683 1310 1766 cycli

191 1791 340 1873 figuram¹
358 1791 534 1854 luculenter
568 1813 745 1873 expressam
776 1813 852 1855 esse.
911 1790 1005 1854 Cuius
1036 1791 1209 1855 sententiae
1239 1812 1312 1852 suae

191 1901 315 1978 poterat
346 1895 489 1961 Schmidt
520 1897 632 1961 veteris
663 1897 917 1961 commentatoris
949 1898 1163 1961 testimonium
1191 1897 1311 1973 afferre,

194 2001 338 2065 Hermiae
362 2003 431 2065 dico
455 2002 509 2085 qui
533 2003 570 2065 ad
589 2002 725 2067 Phaedri
749 2002 852 2067 locum
877 2003 961 2066 hunc
985 2003 1017 2065 in
1039 2004 1163 2065 modum
1190 2002 1312 2066 disserit

190 2109 233 2191 (p.
263 2111 324 2172 188
356 2111 402 2174 ed.
434 2110 492 2172 Ast
522 2111 554 2172 in
587 2110 671 2174 calce
703 2110 869 2191 Phaedri):
905 2103 1010 2182 ἔξεστι
1043 2108 1088 2191 cip
1121 2099 1241 2190 πρώτῳ
1270 2099 1313 2182 ὣς

192 2213 327 2296 δευτέρῳ
351 2207 537 2299 χρήσασθαι
561 2213 617 2277 καὶ
641 2206 734 2277 οὐδὲν
757 2213 902 2299 διαφέρει
927 2215 983 2275 τοῦ
1006 2207 1253 2297 ἐπιγράμματος
1277 2200 1313 2276 οὗ

191 2316 380 2383 dard-‘letrae
413 2317 446 2382 ἐν
478 2325 546 2397 τοῖς
579 2325 697 2405 ῥητοῖς,
738 2315 842 2396 ἔξεστι
874 2314 934 2403 γάρ
964 2321 1029 2381 τῶν
1055 2320 1152 2402 τριῶν
1176 2315 1312 2398 στοίχων

189 2428 302 2502 (scribe
327 2423 456 2509 στίχων)
481 2429 545 2490 τῶν
569 2424 602 2490 ἐν
625 2428 671 2512 τῷ
696 2422 929 2511 ἐπιγράμματι,
955 2414 990 2489 ὃν
1014 2420 1053 2488 dv
1074 2421 1204 2513 ἐθέλῃς,
1229 2449 1310 2510 προ-

187 2528 281 2608 τάξαι
313 2525 396 2616 ὅπερ
427 2526 484 2596 oda
515 2528 602 2596 ἔστιν
634 2527 744 2617 cippos)
778 2526 856 2598 οὐδὲ
880 2526 1019 2609 τάξεως·
1058 2527 1137 2597 ὅθεν
1161 2532 1246 2609 τινὲς
1269 2528 1309 2595 τά

186 2644 321 2705 τοιαῦτα
357 2634 590 2725 ἐπιγράμματα
625 2638 764 2725 τρίγωνα
795 2642 964 2720 καλοῦσιν,
1004 2638 1119 2730 ἐπειδὴ
1157 2634 1237 2706 ὅθεν
1272 2635 1310 2704 dv

187 2739 306 2834 ’ἐθέλῃς
330 2742 466 2811 δύνασαι
490 2741 665 2831 άρξασθαι.
712 2749 792 2825 Quid
817 2752 936 2834 igitur?
972 2750 1086 2814 Nonne
1110 2752 1175 2832 ipse
1199 2752 1308 2814 adver-

186 2857 267 2919 sario
300 2879 387 2919 arma
417 2857 530 2939 quibus
566 2879 614 2919 me
644 2858 810 2940 impugnet
841 2857 953 2919 trado?
1000 2850 1072 2938 Ipsa
1108 2856 1184 2920 haec
1215 2857 1309 2919 verba

187 2961 350 3026 Platonem
385 2967 447 3027 tres
479 2963 560 3026 solos
587 2986 692 3026 versus
724 2963 845 3026 novisse
878 2985 981 3026 nonne
1005 2964 1150 3026 videntur
1173 2964 1307 3026 docere?

186 3066 272 3142 Quae
303 3069 328 3130 si
359 3069 428 3152 quis
459 3070 530 3133 inde
562 3091 770 3152 praepropere
795 3071 1001 3146 concluserit,
1035 3072 1220 3134 temeritatis
1245 3093 1307 3134 non

186 3174 341 3238 immerito
377 3181 538 3259 arguatur.
587 3175 698 3258 Neque
734 3178 817 3239 enim
852 3175 936 3238 aliud
972 3178 1144 3261 quidquam
1178 3200 1216 3241 ex
1248 3177 1306 3240 hoc

276 3333 298 3393 ll
319 3335 372 3388 Eos
393 3336 570 3400 corrigendos
590 3353 649 3390 esse
669 3341 763 3390 censet
783 3337 1021 3391 Schleiermacher
1039 3339 1074 3390 ad
1097 3338 1168 3391 Plat.
1189 3339 1307 3392 Phaedri

185 3425 337 3478 versionem
358 3443 385 3494 p.
399 3429 465 3480 383:
489 3425 571 3488 „Was
591 3425 636 3478 die
656 3425 755 3481 beiden
775 3444 824 3480 vor
843 3428 895 3480 den
917 3428 984 3481 zwei
1004 3428 1106 3482 letzten
1128 3446 1190 3482 vom
1205 3429 1306 3483 Platon

185 3514 399 3580 ansgclasseuen
426 3515 518 3570 Zeilen
543 3513 664 3580 betrifft‚
695 3532 724 3568 so
749 3516 884 3569 bediirfen
909 3516 948 3569 sie
971 3517 1201 3570 wahrscheinlich
1229 3518 1304 3571 einer

186 3601 296 3654 hlainen
308 3602 517 3673 Veranderung‚
537 3623 583 3656 um
597 3605 668 3657 auch
686 3604 715 3656 in
729 3605 778 3657 das
792 3605 891 3658 Gesetz
905 3605 952 3658 des
967 3604 1116 3659 Gedichtes
1132 3625 1164 3659 zu
1178 3607 1304 3675 passen“.

185 3689 238 3742 Sed
258 3691 396 3757 quomodo
417 3693 593 3768 corrigendos
612 3693 768 3761 putaverit,
795 3692 889 3746 omisit
908 3694 1043 3747 adnotare
1066 3694 1108 3748 vir
1127 3695 1305 3748 doctissimus

183 3795 273 3845 neque
300 3779 445 3846 quisquam
473 3783 645 3849 probabilem
670 3783 859 3837 coniecturam
887 3800 1040 3851 proponere
1063 3783 1159 3851 possit.
1198 3785 1305 3838 Rectis-

184 3865 252 3918 sime
279 3884 343 3921 vero
369 3867 455 3922 idem:
489 3869 538 3931 „Es
558 3870 595 3923 ist
614 3888 663 3924 aus
683 3873 827 3926 mehreren
847 3871 980 3925 Griinden
998 3871 1078 3925 nicht
1097 3891 1128 3925 zu
1149 3878 1304 3936 vermuten‚

183 3955 247 4008 dass
261 3956 362 4010 Platon
380 3957 409 4009 in
428 3958 490 4010 dem
504 3959 624 4014 Gedicht
643 3961 718 4015 diese
731 3961 914 4030 Eigenschaft
932 3979 985 4014 nur
1004 3962 1120 4031 zulallig
1140 3963 1223 4017 sollte
1243 3965 1303 4016 auf·

182 4045 337 4113 gelanden,
363 4047 433 4098 noch
455 4048 588 4116 weniger‚
613 4048 676 4102 dass
696 4066 726 4102 er
745 4049 784 4103 sie
803 4049 860 4102 ihm
881 4050 963 4104 sollte
982 4052 1166 4119 angedichtet
1184 4052 1302 4106 haben“.

1109 4145 1124 4196 3
